1708 2878
1346 179 1409 222 os

148 295 260 338 pterea
286 291 371 340 quod
398 291 512 328 decem
547 301 651 327 naves
678 288 860 340 Euagorae
879 288 1007 326 anxilio
1040 288 1168 327 missae
1202 301 1225 327 a
1249 287 1407 328 Telmun

147 342 417 381 Lacedaemonio
447 346 566 384 captae
597 341 663 377 sint
698 340 808 388 (Xen.
844 341 892 379 H.
918 340 982 388 IV,
1007 339 1044 385 8,
1069 339 1157 389 24.)
1184 349 1217 378 et
1243 341 1269 379 l.
1291 343 1319 378 1.
1344 355 1408 391 pro

152 391 386 446 Φιλοκράτει
409 391 464 443 τῷ
486 388 708 441 Ἐφιάλτου
735 393 914 440 legendum
938 405 1013 429 esse
1033 388 1328 446 Ἀριστοφάνει
1352 391 1409 445 τῷ

147 444 388 497 Νικοφήμου
422 445 574 481 Meierus
610 443 771 491 conjecit3
805 445 1080 492 qnod÷equidem
1124 461 1190 484 non
1224 447 1408 484 concedam

147 499 207 548 (cf.
248 502 281 545 §.
308 495 404 545 24.).
455 494 663 543 Deprehensi
699 494 801 541 igitur
836 493 883 529 illi
920 500 953 530 et
985 496 1149 534 interfecti
1174 505 1265 545 sunt,
1291 511 1408 534 eorum

148 554 236 587 bona
270 549 455 597 publicata.
516 546 593 593 Quo
617 554 727 582 autem
761 546 932 594 tempore?
971 545 1027 584 Ol.
1062 547 1123 593 97,
1158 548 1197 588 4.
1229 550 1410 598 Antipatro

147 603 318 647 archonte,
336 600 537 647 respondent
550 598 702 634 Meierus
717 595 755 647 (l.
783 596 811 635 l.
839 611 872 645 p.
889 596 995 645 193.)
1023 604 1056 635 et
1069 599 1180 636 Clinto
1202 600 1253 648 (p.
1279 599 1406 649 109.).

146 653 349 689 Divitiarum
385 651 473 687 euim
508 650 745 699 Aristophanis
781 648 945 697 originem
980 662 1023 686 ex
1060 663 1176 698 pugna
1215 653 1328 690 navali
1362 655 1408 691 ad

150 704 295 742 Cnidum
321 699 543 753 (ναυμαχία
569 698 627 739 ἐπ’
644 695 856 749 Εὐβούλου
879 696 1069 751 ἄρχοντος
1088 702 1146 740 01.
1171 702 1235 750 96,
1247 704 1283 741 3.
1300 717 1407 745 mens.

147 756 211 794 lul.
249 769 282 794 v-
318 757 411 804 Aug.
447 752 552 800 394.)
587 754 814 791 deducendam
842 765 919 790 esse
945 761 1057 790 orator
1083 755 1161 791 dicit
1188 755 1221 805 ξ.
1250 753 1324 800 28;
1347 770 1411 806 pet

147 815 305 859 quattuor
331 814 444 845 autem
471 806 525 844 vel
561 806 704 854 quinque
738 817 849 842 annos
882 804 962 853 plus
995 806 1185 844 divitiarum
1216 819 1320 855 posse
1350 822 1412 845 ac-

148 861 246 910 quiri,
281 873 382 909 quam
414 859 447 895 in
479 858 589 895 indice
614 857 861 907 publicatorum
895 859 1056 896 bonorum
1082 860 1254 897 inventum
1278 859 1324 897 sit
1348 872 1415 897 ne-

148 919 227 960 gat3
264 913 435 960 utriusque
468 909 570 958 igitur
601 909 770 947 damuatio
804 909 860 948 Ol.
887 908 950 957 97,
976 908 1014 949 4.
1043 912 1178 951 accidit.
1226 912 1323 950 Bona
1347 926 1415 962 pu-

149 965 274 1001 blicata
306 976 381 1001 cum
415 963 586 1000 hominum
615 961 770 1011 opinione
802 962 960 1000 iuferiora
1004 975 1081 1001 esse
1118 964 1311 1003 viderentur
1345 965 1416 1010 (cf.

147 1016 303 1055 Boeckh.
332 1016 375 1053 Ο.
402 1029 433 1054 c.
457 1015 484 1061 I,
511 1012 631 1062 426.),
659 1026 755 1051 socer
782 1014 1019 1063 Aristophanis
1044 1016 1078 1052 in
1105 1017 1331 1065 suspicionem
1358 1024 1414 1053 ta-

147 1070 312 1105 lentorum
340 1075 497 1116 quattuor
522 1067 580 1115 (§.
607 1063 696 1114 34.)
733 1067 972 1104 subducturum
1010 1068 1098 1104 venit
1136 1070 1276 1116 ejusque
1310 1070 1412 1106 etiam

147 1122 237 1157 bona
274 1120 305 1156 in
339 1120 480 1156 indicem
523 1117 798 1166 publicandorum
833 1117 941 1153 relata
974 1127 1052 1155 suut
1093 1114 1330 1169 (ἀπογραφή
1364 1120 1411 1160 cs.

147 1172 267 1210 Meier.
298 1173 330 1210 d.
360 1172 391 1208 h.
420 1172 453 1207 d.
480 1183 516 1218 p.
543 1169 619 1206 201
638 1180 715 1216 sqq.
742 1168 842 1206 Proc.
868 1166 958 1205 254.
983 1169 1060 1206 257
1078 1182 1131 1219 sq.
1159 1171 1283 1219 197.).
1324 1173 1411 1217 Quis

109 1241 114 1247 -
148 1220 394 1273 ἀπογραφὴν
427 1221 469 1257 sit
502 1226 658 1266 conatus,
693 1219 861 1256 nescimus
896 1219 949 1268 (ξ.
979 1219 1017 1259 2.
1064 1222 1108 1259 cf.
1152 1222 1277 1260 Meier.
1312 1223 1414 1261 Proc.

147 1290 185 1325 p.
218 1274 351 1320 258.);
386 1273 511 1309 salsam
540 1284 618 1308 vero
644 1283 719 1307 eam
747 1283 824 1307 esse
848 1270 1086 1320 Aristophanis
1112 1285 1209 1309 socer
1234 1276 1415 1313 contendit.

149 1328 227 1365 Lite
269 1326 421 1363 instituta
464 1324 514 1360 illi
565 1324 619 1373 qui
647 1317 955 1373 ἀπογεγράφασι
1003 1331 1220 1361 accusatores
1266 1326 1415 1363 existunt

147 1379 203 1428 (ξ.
230 1379 268 1426 2,
295 1380 332 1415 3.
361 1378 405 1417 cf.
432 1376 552 1413 Meier.
577 1377 676 1413 Proc.
703 1388 737 1423 p.
763 1374 885 1423 259.).
938 1375 1005 1412 Pro
1032 1383 1127 1425 patre
1152 1389 1209 1414 reo
1229 1377 1319 1414 filius
1335 1391 1417 1415 ora-

147 1433 270 1469 tionem
296 1432 383 1468 hanc
408 1429 592 1477 Lysiacam
618 1427 748 1475 babuit,
774 1435 875 1477 atque
899 1427 1031 1476 quidem
1045 1441 1090 1465 ex
1111 1430 1418 1478 computationibus

148 1484 281 1531 Meieri,
319 1482 494 1528 Clintonis,
532 1482 587 1518 cui
621 1486 731 1517 tamen
764 1480 866 1517 dubia
892 1486 956 1529 est,
988 1480 1131 1519 Franzii
1158 1482 1236 1530 (ed.
1264 1483 1357 1533 Lys.
1378 1497 1415 1532 p.

148 1536 272 1583 252),
306 1534 571 1578 Westermanui,
607 1533 778 1579 Kruegeri
808 1532 913 1579 (bist.
949 1533 1033 1580 phil.
1064 1534 1215 1571 Studien.
1246 1548 1284 1583 p.
1310 1535 1417 1583 263.)

150 1588 208 1627 ΟΙ.
237 1586 300 1632 98,
329 1586 365 1625 l.
392 1585 558 1635 Equidem
583 1597 665 1622 vero
691 1583 897 1622 Schneidero
922 1585 984 1630 (ad
1009 1584 1097 1622 Xen.
1122 1584 1170 1621 H.
1199 1584 1241 1631 V,
1270 1586 1305 1632 l,
1331 1586 1421 1635 25.)

150 1640 387 1683 concesserim,
413 1639 609 1682 Diodotum,
637 1650 735 1684 quem
771 1644 883 1673 noster
917 1636 1084 1684 exhibeat,
1112 1638 1250 1686 ejusque
1273 1638 1418 1687 expedi·

151 1693 274 1729 tionem
308 1691 447 1727 eandem
481 1700 558 1724 esse
584 1700 685 1735 quam
711 1687 900 1735 Xenophon
932 1687 992 1735 (V.
1021 1688 1057 1733 l,
1087 1688 1124 1726 7.
1152 1689 1238 1735 35.)
1266 1696 1417 1728 enarret.

149 1743 322 1782 Diotimus
349 1741 404 1779 Ol.
432 1739 494 1788 98,
522 1741 560 1780 l.
588 1752 663 1777 cum
690 1737 858 1789 Iphicrate
881 1738 1103 1777 Nicoloehum
1128 1739 1240 1790 Abydi
1266 1742 1420 1792 obsedit3

109 1823 125 1827 ⁴.
149 1808 236 1844 quos
276 1793 474 1830 Antalcidas
514 1805 616 1840 quum
656 1793 927 1839 deprehendisset
968 1793 1111 1840 aggredi
1146 1794 1283 1838 statuit;
1332 1808 1419 1843 quo-

150 1848 250 1885 modo
276 1847 340 1883 hoc
366 1846 410 1883 sit
436 1849 563 1888 nactus
590 1843 717 1882 videsis
742 1843 897 1881 diversas
913 1845 1122 1882 narrationes
1148 1857 1204 1894 ap.
1218 1846 1419 1885 Schneider.

151 1902 195 1937 ad
221 1899 311 1936 Xen.
338 1898 384 1935 H.
410 1896 454 1944 V,
482 1897 518 1944 l,
544 1896 609 1935 27.
637 1898 824 1945 Antequam
852 1909 926 1933 cum
953 1898 1097 1935 navibus
1122 1898 1285 1944 rediisset,
1314 1912 1419 1947 pecu-

152 1953 242 1988 latus
275 1955 453 1986 accusatus
486 1953 556 1994 est,
593 1955 662 1985 tum
700 1961 854 1986 reversus
880 1961 918 1985 se
944 1949 1088 1985 defendit
1112 1956 1143 1985 et
1168 1950 1342 1987 absolutus
1368 1957 1421 1988 est

152 2002 206 2053 (ξ.
242 2001 304 2040 50.
333 1999 439 2049 51.);
473 2000 507 2036 id
534 2002 621 2048 quod
657 2000 844 2049 nuperrime
868 1996 1067 2050 (ἔναγχος)
1100 2001 1263 2038 accidisse
1304 2007 1419 2039 orator

152 2055 242 2093 dicit.
294 2052 423 2100 Quodsi
448 2051 617 2089 Diotimus
645 2052 702 2091 01.
716 2051 779 2099 98,
808 2053 844 2090 1.
874 2059 1054 2090 accusatus
1080 2057 1142 2101 est,
1169 2053 1277 2090 oratio
1303 2059 1421 2092 nostra

153 2107 212 2144 01.
246 2105 310 2151 98,
349 2105 386 2142 2.
421 2104 547 2149 scripta
580 2116 658 2140 esse
694 2104 824 2140 videtur
857 2105 919 2151 (cf.
962 2105 1066 2143 Clint.
1097 2118 1132 2152 p.
1168 2104 1256 2142 108.
1292 2103 1419 2154 109.)-

151 2159 244 2196 Huic
279 2164 390 2195 autem
423 2155 544 2191 rationi
576 2168 642 2192 non
674 2156 812 2192 obstant
844 2167 932 2203 quae
966 2162 1077 2191 orator
1112 2156 1152 2191 de
1184 2156 1421 2205 Aristophanis

153 2211 366 2248 damnatione
399 2207 554 2255 exponit3
591 2219 668 2243 nam
695 2207 826 2244 etiamsi
853 2206 908 2243 01.
934 2204 996 2253 97,
1031 2205 1069 2244 4.
1099 2208 1329 2255 deprehensus
1355 2218 1421 2258 est,

154 2270 264 2299 tamen
299 2262 424 2298 sactum
456 2270 531 2295 esse
556 2263 679 2305 potest,
709 2266 744 2294 nt
771 2269 832 2306 per
866 2269 989 2293 annum
1014 2258 1050 2294 in
1078 2258 1221 2296 vinculis
1248 2262 1424 2310 haereret;

156 2316 242 2362 qnod
278 2315 410 2363 quidem
445 2316 556 2348 orator
583 2322 647 2346 non
675 2315 824 2356 enarrat,
853 2310 912 2346 sed
939 2310 1150 2348 calamitates
1176 2323 1262 2361 quas
1287 2312 1424 2351 Aristo-

155 2367 286 2413 phanes
319 2367 460 2415 ejusque
494 2362 671 2400 necessarii
698 2360 850 2410 perpessi
885 2372 963 2399 sunt
987 2363 1078 2401 aliae
1105 2364 1251 2413 majores
1277 2365 1423 2413 fuerunt,

156 2429 257 2464 qnam
295 2424 331 2453 ut
365 2416 508 2453 leviores
540 2414 603 2452 sibi
629 2415 874 2451 enumerandas
907 2422 1042 2463 putaret
1074 2423 1179 2453 actor.
1232 2416 1302 2454 Pro
1330 2425 1424 2468 patre

157 2469 246 2508 filins
280 2468 314 2505 in
348 2469 576 2508 Heliastarum
609 2467 756 2518 judicio,
790 2466 845 2504 cui
888 2463 1067 2505 σύνδικοι
1099 2469 1318 2519 praefuerunt
1352 2469 1421 2517 (cs.
