1708 2878
293 84 382 132 ΗΘ

293 198 519 249 quadraginta
550 205 627 235 octo
659 197 771 232 minas
804 195 939 232 dedisse
976 195 1201 241 contenderet,
1230 196 1429 245 infantibus,
1456 210 1578 247 quam-

294 262 399 301 quam
426 250 543 300 pupilli
572 245 768 284 trierarchia
794 245 893 281 liberi
920 254 1001 282 sunt
1027 245 1127 282 etiam
1163 256 1222 294 per
1247 242 1371 284 &unum
1398 254 1576 299 {lemnam

298 303 354 341 sui
375 303 462 354 juris
489 298 567 336 sacti
592 303 681 344 sunt,
715 297 887 334 dimidium
921 309 1114 346 expensum
1150 298 1242 346 tulit3
1281 298 1575 341 rationibusivero

299 352 514 394 trierarchiue
536 350 724 400 pensitatae
750 349 953 401 comparatis
978 352 1206 401 deprehensns
1240 358 1291 386 est
1326 349 1404 395 nihil
1431 349 1502 399 disi
1519 353 1575 396 vi..

302 407 385 456 ginti
420 402 579 455 quattuor
612 403 735 444 minas]
751 403 953 452 expendisse
988 404 1190 453 easdemque
1222 404 1265 440 ab
1291 402 1577 445 infantibnssol-

302 458 429 495 vendas
454 467 597 493 curasse
619 456 672 505 (§.
699 454 765 495 26.
792 455 889 501 27.).
921 456 1108 493 Praeterea·
1126 468 1245 493 navem
1271 454 1305 492 iu
1332 467 1425 492 mare
1450 454 1577 492 Adria-

300 509 402 548 ticum
437 507 655 556 navigantem
688 509 819 545 dnobus
850 507 994 555 talentis*
1017 509 1174 552 metavit
1209 507 1390 544 liberorum
1427 506 1576 556 periculo

300 559 357 612 (§.
390 558 458 600 2⁵.
492 560 538 599 ci.
574 560 724 597 Boeckb.
762 560 806 597 Ο.
844 572 875 596 c.
908 558 947 607 I,
970 555 1068 606 2158.
1104 559 1228 606 Meier.
1256 559 1357 597 Proc.
1386 557 1575 608 p.,÷451.·-);

303 624 407 662 quum
432 623 515 650 vero
539 617 731 648 mercatura
756 609 896 659 duplum
914 599 1130 648 Areddidisset
1155 611 1219 661 (cf.
1244 610 1394 649 Boeckb.
1422 609 1474 654 Ο.-
1491 613 1522 647 c}
1545 608 1577 656 1,

302 662 399 711 δᾶ),
425 675 509 701 suns
545 675 625 700 esse
655 663 816 712 pecunias
853 661 1034 700 contendit.
1105 662 1213 699 Porro
1252 663 1352 699 trium
1394 661 1578 700 lib-rorum

305 711 416 765 ὄψον
438 713 587 765 quotidie
610 715 757 765 quinque
781 714 893 753 obolis
906 714 1111 762 constitisse,
1137 711 1363 751 calceamenta
1388 721 1420 750 et
1445 713 1579 762 impen-

304 780 366 805 sas
391 766 575 805 fullo-nim
612 766 847 817 tonsoriasqu'e
873 780 935 816 per
961 773 1046 806 octo„
1062 779 1171 805 anuos
1197 765 1305 815 pluris
1323 778 1424 815 quam
1451 766 1578 803 talento

305 819 359 871 (§.
393 818 464 859 2⁰.
497 818 541 858 cf.
575 818 727 857 Boeekh.
753 818 796 857 Ο.
823 832 854 857 c.
884 819 911 865 1,
939 818 1166 867 111.-125.)
1194 819 1339 857 dixerat.
1391 817 1449 855 Ex
1473 817 1580 866 patris

308 871 484 923 exsequiis
517 883 607 921 quae
639 884 681 909 ue
712 869 831 919 vig-iuti
867 870 1015 920 quinque
1049 872 1182 920 quidem
1216 870 1317 908 minis
1350 871 1579 917 constiterant,

306 923 414 963 2⁵oe
436 924 631 968 dmehmas,
657 924 702 960 ad
727 922 941 971 Dionysiaca
966 923 1046 969 agni
1074 923 1170 970 pretii
1185 924 1273 970 quod
1287 923 1431 959 sedecim
1457 923 1582 959 drach-

308 987 386 1012 mas
421 972 492 1023 (cf.
517 974 669 1013 Boeckh.
697 973 742 1011 0.
769 985 802 1011 c.
827 972 860 1020 I,
886 972 979 1020 83.)
1022 973 1129 1009 fnisse
1164 974 1261 1019 dixit,
1288 980 1364 1009 octo
1389 976 1581 1019 drachmas,

306 1038 352 1063 ex
377 1025 457 1064 aliis
481 1025 578 1063 festis
609 1024 837 1075 quadraginta
870 1026 995 1071 minas,
1029 1024 1173 1073 denique
1198 1023 1269 1061 alia
1301 1024 1405 1061 multu
1431 1037 1583 1073 expensa

307 1077 387 1115 tecit
412 1077 617 1115 infamibus.
679 1076 816 1123 Quibus
849 1078 1004 1113 omnibns
1041 1089 1105 1113 non
1139 1076 1290 1123 occultis,
1326 1076 1441 1114 multis
1472 1083 1583 1113 antem

307 1129 388 1168 aliis
409 1128 603 1178 incognitis,
635 1128 726 1166 filins
761 1128 897 1166 Diodoti
931 1134 1014 1164 natu
1053 1128 1162 1176 major
1198 1140 1299 1177 quum
1322 1128 1410 1165 inter
1434 1129 1584 1177 ephebos

311 1181 532 1230 reciperetur,
563 1181 728 1228 Diogitou
768 1180 821 1228 (§.
855 1178 911 1229 9.)
938 1180 1063 1217 liberos
1096 1182 1195 1216 domo
1219 1180 1316 1229 ejecit
1343 1180 1491 1229 nihilque
1517 1176 1584 1218 nisi

311 1232 435 1321 35:2³
460 1232 1319 1332 sfffflt‘ffiffffiss‘0322‘ssss2332‘23305338
1335 1231 1583 1320 ‘ssmffssss'i’

310 1340 445 1373 mantes
469 1340 615 1372 matrem
640 1335 816 1382 adierunt3
847 1338 963 1370 actore
996 1334 1153 1371 consulto
1182 1334 1356 1383 Diogitoni
1379 1342 1415 1370 ut
1440 1348 1495 1372 res
1520 1348 1586 1371 co-

296 1399 385 1425 ram
412 1386 567 1436 cognatis
599 1384 652 1436 (§.
688 1385 771 1432 12.)
809 1392 968 1434 ageretur
999 1386 1057 1423 vix
1091 1392 1346 1435 persuaserunt.
1405 1386 1457 1423 lbi
1482 1392 1588 1423 mater

312 1438 514 1487 liberorum,
547 1437 621 1475 filia
654 1437 862 1486 Diogitouis,
902 1444 1031 1486 patrem
1072 1438 1184 1487 ipsum
1218 1438 1352 1488 argenti
1389 1438 1587 1487 impiissime

315 1490 475 1529 subducti
506 1489 701 1538 accusavit3
739 1490 917 1539 conjugem
952 1502 1050 1526 suum
1085 1491 1243 1538 probavit
1285 1491 1430 1539 quinque
1462 1491 1589 1528 talenta

312 1542 506 1592 reliquisse,
531 1548 769 1581 testamentum
796 1554 819 1579 a
845 1540 962 1578 liberis
988 1548 1156 1590 repertum
1175 1542 1306 1592 sibique
1319 1543 1473 1580 traditum
1499 1555 1588 1588 esse,

312 1594 531 1643 Diogitonem
545 1599 678 1630 centum
697 1594 808 1630 minas
823 1593 948 1629 foenori
975 1595 1072 1629 datas
1094 1596 1268 1642 accepisse
1294 1594 1446 1642 aliasque
1467 1594 1590 1641 viginti

313 1647 427 1683 minas
443 1644 650 1694 multamque
672 1644 928 1694 supellectilem
956 1644 1154 1681 frumentum
1172 1646 1352 1694 quotannis
1371 1658 1415 1681 ex
1436 1645 1592 1682 Cherso-

315 1709 398 1734 neso
424 1697 489 1745 (cf.
517 1696 669 1737 Boeckh.
698 1696 742 1733 Ο.
767 1709 799 1735 c.
825 1697 855 1743 1,
881 1695 965 1740 85.)
992 1696 1108 1733 liberis
1132 1697 1226 1734 mitti.
1255 1697 1451 1745 Splendidis
1477 1696 1590 1734 verbis

314 1748 444 1786 semina
473 1747 626 1797 depinxit
659 1748 791 1795 omnia,
827 1753 864 1785 ut
900 1748 957 1796 qui
991 1749 1158 1785 affuerunt
1192 1748 1352 1785 lacrimas
1388 1748 1593 1785 effunderent

314 1800 369 1851 (§.
395 1797 500 1849 18.);
526 1800 587 1838 sed
607 1799 770 1848 Diogiton
797 1799 830 1836 in
857 1799 1007 1849 nequitia
1025 1801 1252 1849 perseveravit
1278 1808 1377 1850 atque
1403 1799 1452 1838 liti
1477 1800 1592 1850 impli-

315 1852 386 1890 cari
424 1864 526 1902 quam
560 1852 741 1901 pecuniam
773 1854 912 1890 reddere
948 1852 1065 1889 maluit
1098 1853 1148 1902 (§.
1174 1853 1246 1901 2.);
1283 1855 1424 1902 denique
1456 1853 1592 1902 quidem

316 1904 368 1954 (ξ.
402 1903 482 1949 28.)
514 1904 697 1941 Diodotum
735 1911 865 1952 septem
897 1902 1024 1940 talenta
1059 1910 1093 1941 et
1117 1905 1342 1953 quadraginta
1375 1906 1484 1942 minas
1510 1904 1595 1940 reli-

316 1955 434 2005 quisse
468 1956 648 2004 concessit,
680 1968 825 2005 quornm
859 1967 939 1993 vero
975 1969 1041 1992 non
1075 1956 1138 1993 nisi
1176 1957 1296 2005 viginti
1328 1957 1437 1994 minas
1472 1964 1504 1992 et
1532 1955 1593 1992 tri-

316 2008 415 2055 ginta
454 2012 602 2044 stateras
647 2006 701 2057 (§.
746 2005 804 2054 9.)
845 2019 1037 2054 superesse.
1067 2030 1114 2036 —--
1141 2008 1252 2045 Litem
1287 2010 1393 2045 fuisse
1431 2005 1593 2058 γραφὴν

317 2056 537 2110 ἐπιτροπῆς
574 2058 768 2096 Boeckhius
802 2058 847 2097 V.
883 2058 938 2096 Cl.
974 2059 1036 2106 (Ο.
1074 2073 1105 2097 c.
1140 2058 1172 2104 I,
1206 2060 1325 2109 380.)
1364 2060 1491 2106 statuit,
1532 2061 1592 2096 sed

315 2110 490 2148 Hefl'terus
515 2110 729 2161 (Gerichtsv.
766 2124 801 2160 p.
834 2110 942 2156 251.)
967 2119 1000 2149 et
1025 2111 1177 2149 Meierus
1202 2111 1317 2162 (Proc.
1339 2124 1374 2158 p.
1399 2109 1507 2157 293.)
1532 2107 1593 2148 δί-

317 2171 393 2209 κην
418 2159 635 2213 ἐπιτροπῆς
659 2167 748 2200 recte
774 2162 855 2200 mihi
884 2162 1036 2200 videntur
1059 2163 1287 2201 intellexisse.
1334 2159 1378 2197 Γ
1368 2158 1479 2212 ραφὴ
1506 2164 1594 2200 enim

319 2212 535 2265 ἐπιτροπῆς
561 2221 629 2251 tum
663 2216 797 2252 demum
832 2215 939 2264 potnit
964 2216 1103 2264 institui,
1141 2215 1172 2251 si
1195 2213 1293 2251 liberi
1328 2226 1393 2249 uon
1421 2222 1515 2251 erant
1541 2215 1594 2253 sui

316 2266 416 2312 juris,
442 2267 503 2303 sed
531 2278 575 2301 ex
599 2265 735 2303 Diodoti
760 2267 876 2303 liberis
904 2280 991 2304 unus
1012 2268 1085 2316 jam
1112 2267 1145 2301 in
1185 2277 1284 2300 suam
1311 2265 1446 2301 tutelam
1472 2279 1595 2314 perve-

322 2323 426 2356 nerat.
484 2317 664 2355 Summum
694 2317 831 2366 quidem
856 2318 1046 2367 {pericnlum
1083 2311 1203 2365 (τοὺς
1242 2310 1429 2364 ἐσχάτους
1461 2313 1597 2356 κινδύ-

322 2376 414 2410 νους
439 2367 491 2417 (ξ.
516 2365 574 2417 2.)
601 2368 774 2417 Diogitoui
801 2371 974 2408 imminere
1006 2375 1101 2407 actor
1127 2367 1227 2405 dicit:
1263 2376 1297 2405 at
1322 2369 1357 2406 in
1384 2371 1515 2409 actione
1540 2379 1598 2408 tn-
