1708 2878
552 770 845 856 Pars
900 791 991 865 -1,

484 918 678 994 Vita
734 937 1058 1004 Lysiae.

709 1031 747 1115 §ss
797 1064 836 1102 1.

139 1113 352 1209 Cephalus
378 1156 629 1208 Syracusanus,
656 1154 746 1194 filius
771 1154 960 1206 Lysaniae,
995 1166 1101 1205 nepos
1126 1153 1282 1207 Cephali,
1307 1171 1405 1209 quem

139 1219 210 1264 filio
236 1222 431 1271 ae‘nepote
468 1220 618 1258 ditiorem
652 1219 761 1258 fuisse
786 1231 831 1256 ex
855 1218 946 1257 Plat.
984 1218 1071 1268 reip.
1095 1232 1132 1269 p.
1160 1220 1250 1260 33⁰.
1276 1223 1311 1260 h.
1336 1236 1409 1272 vap-

138 1282 268 1323 paret,·
285 1275 435 1311 Athenas
460 1272 602 1310 Periclis
635 1272 733 1321 eujus
765 1271 993 1313 familiaritate
1019 1273 1176 1310 utebatur
1211 1286 1316 1312 suasu
1342 1275 1402 1321 (ef.

138 1325 225 1374 Lys.
259 1326 337 1364 adv.
374 1325 470 1363 Erat.
499 1324 534 1375 ξ.
560 1322 605 1371 4,
638 1324 729 1362 Plut.
769 1325 830 1362 vit.
860 1323 969 1373 Lym,
1004 1323 1104 1362 Phot.
1139 1326 1216 1365 cod.
1248 1325 1340 1366 262.
1367 1340 1407 1376 p·

137 1375 246 1428 489.)
289 1377 521 1425 commigravit
562 1376 634 1414 fere
669 1375 726 1415 Ol.
759 1375 824 1414 76.
861 1374 1016 1425 (475.)
1064 1374 1266 1415 Plutarchus
1299 1379 1406 1426 addit,

136 1430 322 1467 seeundum
351 1429 527 1466 nonnullos
552 1440 627 1465 eum
652 1428 712 1467 illo
747 1433 897 1477 tempore
929 1440 997 1478 quo
1023 1425 1113 1466 Gelo
1146 1429 1321 1480 imperium
1345 1443 1409 1469 ca·-

137 1489 288 1532 pesseret
316 1482 450 1531 fugisse
474 1481 645 1528 Athenasr,
681 1481 769 1530 quod
805 1480 930 1518 falsum
963 1491 1041 1517 esse
1071 1480 1163 1523 infra
1180 1482 1405 1531 probabitur.

138 1536 304 1573 Fortasse
329 1539 441 1572 autem
475 1535 537 1571 hae
565 1533 755 1571 narratione
768 1532 890 1570 'nutris
916 1532 960 1570 ad
994 1531 1292 1571 Schleiermaeheri
1323 1548 1408 1573 eon-

134 1589 302 1638 jeeturam
339 1586 598 1625 confirmandam
617 1584 674 1635 ¹),
707 1585 894 1635 Cephalum
927 1585 1022 1622 illum
1056 1598 1153 1635 quem
1184 1586 1219 1624 iu
1252 1587 1408 1639 Platonis

139 1640 342 1678 Parmenide
367 1639 504 1687 dialogo
529 1638 770 1687 colloquentem
803 1637 987 1687 reperimus
1021 1649 1100 1675 esse
1126 1638 1254 1688 Lysiae
1275 1645 1407 1688 patrem
1429 1635 1431 1639 ’

140 1693 347 1741 eundemque
382 1691 579 1740 priusquam
614 1692 765 1727 Athenas
803 1689 1011 1740 pervenisset
1042 1690 1248 1740 aliquamdiu
1283 1691 1409 1730 Clazo-

138 1743 247 1782 menis
281 1743 464 1780 habitasse.
518 1742 685 1791 Equidem
717 1743 805 1779 hane
839 1742 1038 1779 senteutiam
1073 1755 1135 1780 nee
1167 1744 1313 1781 refutare
1346 1756 1409 1782 nee

139 1796 316 1833 defendere
349 1797 482 1842 audeo;
515 1801 688 1843 tantopere
720 1795 810 1831 enim
835 1801 869 1831 et
893 1795 935 1830 de
961 1794 1182 1843 chronologia
1206 1801 1238 1832 et
1262 1797 1305 1834 «le
1328 1808 1410 1845 per-

138 1847 234 1885 sonis
259 1859 346 1897 quae
371 1847 405 1883 in
442 1846 644 1884 Parmenide
678 1850 794 1883 extant
825 1845 972 1883 incertus
1008 1858 1098 1883 sum.
1152 1846 1254 1884 Certe
1277 1848 1321 1884 ab
1349 1847 1408 1885 01.

138 1899 203 1937 76.
233 1911 340 1950 usque
364 1900 408 1936 ad
442 1911 540 1936 snam
573 1904 714 1936 mortem
750 1910 782 1937 e.
817 1897 877 1937 01.
912 1896 977 1936 83.
1039 1898 1178 1935 Athenis
1214 1901 1411 1942 morabatur

140 1951 327 2000 Cephalus.
379 1951 417 1987 Iu
442 1950 584 1989 Piraeeo
609 1950 784 1988 habitabat
809 1949 919 2000 (Plat.
946 1950 968 1988 Ι.
998 1950 1022 1988 Ι.
1050 1963 1087 2000 p.
1115 1948 1250 1997 3280,
1284 1950 1410 1999 divitiis

141 2003 290 2053 pollebat
326 2001 433 2047 (Plat.
472 2002 496 2040 1.
529 2002 555 2040 1.
589 2016 625 2050 p.
663 2001 756 2040 329.
793 2014 826 2041 e.
878 2001 951 2040 Cic.
980 2015 1034 2051 ep.
1061 2002 1105 2038 ad
1140 2002 1211 2039 Att.
1240 2003 1299 2047 IV,
1327 2002 1409 2051 16.)
1458 2015 1463 2018 ’

140 2063 243 2104 atque
283 2053 513 2091 familiaritate
555 2054 808 2092 Atheniensium
844 2054 1007 2091 nobilium
1052 2055 1219 2091 utebatur.
1279 2054 1410 2091 Errant

140 2106 350 2145 Scholiastes
364 2105 542 2142 Aeschinis
566 2105 712 2145 iactes.
740 2099 892 2156 §.1941
917 2104 1097 2155 praecipue
1122 2110 1233 2141 autem
1259 2104 1410 2143 Taetzes

141 2159 307 2208 (Chiliad.
334 2157 377 2197 V.
406 2156 512 2206 983.)
545 2169 621 2195 eum
656 2169 733 2195 cum
765 2164 900 2195 oratore
932 2155 1126 2193 Atheniensi
1158 2155 1314 2206 Cephalo
1339 2158 1415 2198 Co-⁴

141 2209 280 2260 lytten‘si
305 2210 567 2256 contundentes,
603 2216 735 2246 constat
770 2210 856 2246 enim
883 2207 1071 2257 Cephalum
1096 2208 1351 2256 Syracusanum
1377 2210 1410 2247 iu

138 2276 317 2302 numerum
349 2262 472 2301 civium
518 2266 681 2311 receptum
720 2273 787 2298 uon
829 2272 929 2310 esse;
971 2265 1083 2299 utrum
1118 2274 1198 2301 vero
1230 2260 1410 2312 μέτοίκος

186 2399 221 2440 ¹)
244 2398 340 2432 mato
361 2381 400 2432 Ρ.
423 2399 448 2431 1.
469 2391 578 2433 vsu.
601 2408 635 2441 p..
658 2397 733 2432 102.
809 2411 811 2414 ·
