1708 2878
274 102 371 149 ¹122

274 203 350 253 οὖν
381 203 530 267 λόγοι
562 213 632 261 τῆς
663 213 870 275 ῥητορικῆς
901 207 1021 258 ἰδέας,
1053 212 1126 250 τοῦ
1160 222 1202 247 τε
1228 205 1449 260 Πλάτωνος
1472 215 1541 253 καὶ

274 266 349 307 τοῦ
387 267 686 330 Δημοσθένους·
717 261 740 303 ὁ
771 265 911 329 pce'vtpo
940 254 1098 323 Λυσιας
1136 259 1253 316 πρὸς
1263 267 1456 329 γυνᾳῖκας
1487 258 1540 315 ἦν

272 318 469 380 ἐρωτικὸς,
494 315 556 355 οἰ·
584 328 704 377 προς
729 316 824 381 τὴν
860 312 1112 355 ἐναντίαν
1139 317 1328 378 poj'p‘av
1351 317 1422 357 καὶ
1475 318 1539 355 δε-

273 370 441 419 λυκτὴν·
475 365 539 407 διὸ
571 365 674 418 μετὰ
703 366 777 409 τὸν
803 363 991 430 ’Όμηρον
1014 365 1183 428 πρῶτος
1191 365 1386 419 ἐρωτικῶν
1410 366 1433 404 λ
1484 380 1540 406 ων

274 416 515 480 δημιουργός
536 419 649 458 ἐστιν
670 420 717 458 ἐν
742 422 842 483 πεζῷ
878 419 997 474 λόγω·
1018 420 1164 482 χρῆται
1189 418 1233 458 δὲ
1256 432 1305 472 τιν
1330 420 1421 472 περὶ
1445 419 1540 458 τοῦ-

272 484 343 512 τον
365 471 437 510 τὸν
468 468 598 521 λόγον
615 466 727 510 οἶκοι
727 473 827 526 ομία
851 471 1009 534 ἀτάκτῳ
1038 474 1108 509 καὶ
1131 470 1210 511 ἄνα
1267 473 1382 526 όστω.
1406 471 1541 509 καίτοι.

268 522 392 570 καλὰς
418 521 518 586 {213²ae
542 522 698 571 ἐννοίας
723 526 793 564 καὶ
817 523 891 573 τὴν
915 511 1043 588 ἄλλἠν
1066 518 1182 573 ὕλην
1191 539 1257 572 αις
1270 525 1339 565 καὶ
1348 511 1540 562 Πλάτων

290 576 422 627 ρῆται,
457 574 513 622 ὦς
546 573 571 615 ὁ
601 574 724 625 λόγοςΔ
750 576 936 622 δείκνυσι,
964 576 1052 624 ταῖς
1067 574 1230 622 αὐταῖς,
1264 575 1367 638 μετὰ
1390 575 1541 623 πολλῆς

292 630 312 666 ὲ
336 628 409 675 τῆς
444 625 639 678 ἁρμονίας
671 628 741 665 καὶ
771 625 954 679 ἀκριβῶς.
1015 627 1084 665 Sed
1110 629 1255 677 scriptor
1280 627 1417 688 Lysiae
1435 630 1538 665 vitam

266 688 301 720 et
324 681 496 719 orationes
535 679 747 729 negligenter
772 681 929 719 confindit
944 684 977 717 'et
1001 681 1135 719 verba:
1160 670 1324 726 Λυσίας
1343 676 1453 731 πρὸς
1460 693 1537 730 γυ·

265 734 407 778 ναῖκας
431 723 483 778 ἦν
507 730 690 782 ἐρωτικὸς
713 745 749 770 κ.
774 745 809 773 τ.
838 731 873 772 λ.
900 735 942 771 ad
963 733 1044 782 ejus
1068 729 1173 770 vitam
1207 739 1335 771 tantum
1361 733 1538 770 referenda

264 794 358 824 sunt.
410 784 515 823 Multi
541 785 630 822 iuter
654 790 787 823 veteres
803 787 996 847 'scriptores
1023 791 1173 830 nostium
1210 785 1353 835 Lysiam
1379 795 1457 821 esse
1481 784 1536 819 iu—

263 837 485 885 telligendum
518 844 688 874 auctorem
727 838 890 875 orationis
931 837 1022 886 apud
1061 836 1236 874 Platonem
1272 841 1436 874 testantur
1469 836 1535 884 (cf.

262 888 451 926 Haenisclt.
476 894 600 925 comm.
632 888 654 923 Ι.
682 888 776 937 Epp.
804 889 905 927 Socr.
932 889 1028 932 27.).
1083 888 1139 925 Ex
1156 890 1219 925 hac
1235 888 1324 936 ipsa,
1351 893 1387 924 nt
1411 888 1533 934 dicam,

261 941 341 978 rixa
366 941 453 977 iuter
476 939 650 977 Platonem
676 945 709 976 et
733 941 876 990 Lysiam
899 947 1018 978 exorta
1045 940 1197 989 Dionysii
1215 939 1535 978 Halicarnasseusis

260 994 407 1041 impetus
444 992 667 1041 explicandus
700 1000 764 1038 est,
804 1006 871 1042 quo
906 993 940 1030 in
975 992 1151 1029 Platonem
1184 991 1292 1029 irruit.
1346 992 1421 1029 Nou
1448 991 1534 1029 enim

260 1045 372 1081 solum
404 1044 558 1082 Platonis
583 1043 766 1081 orationem
793 1044 898 1081 multo
914 1044 1105 1080 inferiorem
1120 1056 1197 1080 esse
1212 1041 1312 1093 quam
1329 1044 1536 1080 Demosthe-

260 1096 315 1134 nis
340 1095 488 1133 affirmat
515 1095 587 1144 (ep.
614 1096 658 1132 ad
685 1095 752 1134 Cu.
778 1095 899 1145 Pomp.
928 1096 962 1147 ξ.
991 1095 1060 1142 1.,)
1093 1096 1152 1132 sed
1186 1096 1288 1132 etiam
1315 1096 1408 1144 ejus
1405 1094 1534 1131 elocu-

260 1147 360 1185 tionis
393 1147 583 1195 simplicem
618 1147 750 1195 quidem
788 1155 920 1196 partem
953 1155 987 1183 et
1021 1147 1155 1183 fut-ilem
1192 1148 1361 1183 contendit
1395 1159 1472 1183 esse
1497 1152 1532 1183 et

259 1212 424 1246 suavem,¹
440 1199 535 1235 illam
563 1210 642 1236 vero
669 1211 757 1247 quae
780 1201 824 1235 ad
850 1199 1084 1248 loquacitatem
1117 1194 1454 1249 (περιττολογίαν)
1480 1198 1532 1234 l'e-

259 1258 366 1301 ratur,
393 1252 573 1288 obscuram
600 1249 683 1296 fieri,
709 1250 827 1298 latam,
854 1251 968 1288 verbis
994 1254 1125 1288 novatis
1150 1251 1358 1298 instructam,
1384 1251 1530 1299 ineptam

257 1315 391 1353 quoque
424 1308 457 1339 et
489 1314 653 1350 nngosam
690 1310 762 1351 (ep.
789 1280 837 1339 at'}
859 1302 925 1341 Cn.
951 1297 1058 1352 Pomp
1037 1317 1071 1352 p.
1106 1303 1141 1351 §.
1166 1303 1204 1342 2.
1230 1305 1274 1340 de
1299 1315 1408 1351 comp.
1435 1303 1529 1341 verb.

255 1369 286 1393 c.
312 1354 377 1393 25.
404 1368 439 1404 p.
465 1353 553 1392 208.
581 1355 624 1390 tle
648 1354 826 1392 Demosth.
853 1355 918 1391 dic.
947 1354 980 1391 vi
1008 1354 1041 1404 §.
1068 1353 1151 1400 23.)
1177 1361 1279 1404 atque
1293 1355 1356 1391 hon
1365 1354 1530 1404 judicium

253 1408 299 1445 ad
330 1407 523 1444 Phaedrum
562 1405 675 1454 ipsum
712 1406 921 1446 referendum
952 1419 1029 1444 esse
1056 1407 1116 1456 (ad
1150 1405 1214 1444 Cu.
1246 1406 1364 1456 Pomp.
1393 1405 1427 1456 ξ.
1453 1405 1530 1455 2.);

255 1470 471 1505 summopere
496 1464 587 1494 certe
611 1457 786 1493 Platonem
820 1470 982 1506 peccasse
1016 1460 1101 1506 quod
1129 1458 1270 1505 Lysiam
1297 1458 1530 1506 perstrinxerit

253 1518 357 1558 atque
384 1509 521 1546 honoris
547 1507 757 1545 solumunodo
784 1517 817 1545 et
844 1508 1078 1546 aemulationis
1102 1510 1210 1546 studio
1224 1512 1418 1557 perductum
1445 1521 1528 1546 con-

254 1568 306 1598 tra
333 1561 479 1610 Lysiam
514 1561 685 1597 orationes
721 1573 797 1597 enm
824 1561 1019 1609 scripsisse.
1078 1560 1195 1609 Neque
1220 1561 1406 1610 Dionysius
1432 1560 1528 1598 solus

250 1612 333 1650 talia
359 1615 401 1649 de
425 1612 570 1649 Platone
592 1611 767 1661 judicavit,
795 1614 855 1649 sed
881 1614 984 1648 etiam
1019 1611 1204 1649 Caecilium
1232 1614 1349 1649 eadem
1376 1612 1529 1649 sensisse

182 1695 184 1697 .
251 1665 433 1713 Longinus
460 1666 521 1711 (de
546 1665 635 1702 subl.
662 1664 726 1710 32,
754 1663 809 1708 8.)
836 1671 990 1711 testatur,
1020 1677 1125 1713 neque
1138 1664 1295 1712 Longino
1322 1665 1526 1702 credendum

250 1725 314 1763 est,
343 1716 526 1753 Caecilium
553 1716 629 1752 odio
654 1716 808 1753 Platonis
833 1718 965 1765 majore
989 1730 1089 1765 quam
1117 1717 1246 1766 Lysiae
1271 1729 1387 1753 amore
1411 1716 1525 1753 inbu-

250 1774 319 1806 tum
347 1776 450 1816 atque
475 1768 632 1816 opinione
657 1768 784 1816 Lysiae
797 1770 983 1805 orationem
1008 1780 1086 1805 esse
1111 1769 1201 1805 omni
1218 1775 1356 1816 peccato
1382 1768 1522 1805 liberam

248 1816 574 1870 (ἆναμάρθητον
607 1825 640 1856 et
683 1816 899 1871 καθαράν)
942 1820 1101 1858 infectum
1139 1820 1263 1867 fuisse,
1302 1820 1382 1869 quia
1417 1832 1522 1869 supra

246 1875 308 1921 (p.
352 1871 443 1917 39.)
479 1871 677 1917 ᾱοειιίιιιιιε,»
701 1879 895 1908 accuratam
937 1884 1113 1909 censuram
1157 1872 1272 1920 egisse
1315 1871 1519 1919 Caecilium3

246 1923 445 1971 Longinum
473 1936 553 1961 vero
580 1923 726 1960 sublime
751 1923 879 1960 dicendi
908 1936 1018 1972 genus
1044 1935 1191 1970 amasse,
1218 1922 1339 1961 subtile
1364 1936 1386 1960 a
1409 1923 1520 1972 Lysia

246 1982 425 2013 tractatum
463 1976 662 2023 despexisse
695 1975 757 2021 (cf.
796 1976 827 2021 I,
865 1974 902 2014 4.
943 1984 976 2012 et
1009 1975 1093 2013 diss.
1129 1976 1201 2014 trit.
1235 1977 1278 2013 de
1302 1975 1454 2024 Longis.
1483 1988 1519 2022 p.

246 2026 374 2064 CXXI.
402 2026 457 2062 ed.
491 2024 640 2074 Weisk.)
675 2039 844 2074 nunquam
884 2027 1142 2074 obliviscamur3
1179 2039 1284 2075 neque
1318 2026 1519 2074 Dionysium

244 2081 347 2115 caeco
384 2077 673 2115 Platonem-odio
709 2079 882 2124 habuisse,
928 2079 1054 2127 plures'
1077 2078 1144 2117 loci
1180 2084 1346 2116 testantur
1381 2077 1445 2124 (cf.
1476 2077 1519 2114 de

244 2130 411 2166 Dinarch.
438 2130 472 2179 ξ.
499 2129 537 2167 8.
568 2144 602 2177 p.
628 2127 719 2167 645.
747 2143 799 2178 ep.
827 2132 870 2166 ad
899 2131 963 2167 Cu.
997 2130 1118 2179 Pomp.
1147 2144 1181 2179 p.
1210 2130 1330 2177 751.).
1372 2128 1518 2165 Omnino

243 2182 421 2218 tenendum
448 2187 509 2227 est,
536 2181 728 2219 Phaedrum
755 2182 900 2231 primum
927 2194 1004 2218 esse
1027 2179 1113 2232 opus
1139 2194 1161 2218 a
1191 2182 1334 2218 Platone
1368 2180 1517 2216 conscri-

244 2241 336 2282 ptum
364 2233 442 2278 (ΟΙ.
481 2234 544 2280 93,
576 2235 633 2279 2.)
674 2234 814 2284 ideoque
855 2249 876 2272 a
901 2235 1054 2273 Platonis
1079 2234 1190 2284 priore
1216 2233 1381 2269 sentiendi
1417 2235 1515 2271 modo

245 2284 435 2321 etiamnunc
460 2287 589 2334 poetico
617 2288 758 2333 quodam
799 2288 910 2323 colore
945 2296 1112 2324 ornatum.
1173 2286 1266 2320 Tum
1289 2290 1398 2321 autem
1425 2286 1455 2322 si
1480 2286 1512 2322 iu

243 2336 469 2383 quaestionem
496 2336 652 2374 subtilius
678 2337 894 2386 inquiremus,
921 2345 953 2374 et
977 2339 1153 2374 Platonem
1181 2344 1214 2371 et
1241 2335 1377 2382 Lysiam
1404 2349 1512 2374 excu-

242 2387 386 2425 sandum
413 2401 488 2425 esse
522 2389 759 2437 intelligemus.
815 2391 913 2426 Plato
940 2390 1029 2425 euim
1056 2401 1098 2425 ex
1131 2387 1294 2425 industria
1321 2394 1356 2425 ut
1380 2389 1509 2427 oratio-
