<?xml version="1.0" encoding="UTF-8"?>
<!DOCTYPE html PUBLIC "-//W3C//DTD XHTML 1.0 Transitional//EN"
    "http://www.w3.org/TR/xhtml1/DTD/xhtml1-transitional.dtd">
<html xmlns="http://www.w3.org/1999/xhtml" xml:lang="en" lang="en">
 <head>
  <title>
</title>
<meta http-equiv="Content-Type" content="text/html;charset=utf-8" />
  <meta name='ocr-system' content='tesseract 3.04.00' />
  <meta name='ocr-capabilities' content='ocr_page ocr_carea ocr_par ocr_line ocrx_word'/>
</head>
<body>
  <div class='ocr_page' id='page_1' title='image "./4738088_0022.png"; bbox 0 0 1708 2878; ppageno 0'>
   <div class='ocr_carea' id='block_1_1' title="bbox 222 132 360 178">
    <p class='ocr_par' dir='ltr' id='par_1_1' title="bbox 222 132 360 178">
     <span class='ocr_line' id='line_1_1' title="bbox 222 132 360 178; baseline 0 -1"><span class='ocrx_word' id='word_1_1' title='bbox 222 132 360 178; x_wconf 80' lang='lat' dir='ltr'>to.</span> 
     </span>
    </p>
   </div>
   <div class='ocr_carea' id='block_1_2' title="bbox 211 236 1503 861">
    <p class='ocr_par' dir='ltr' id='par_1_2' title="bbox 211 236 1503 861">
     <span class='ocr_line' id='line_1_2' title="bbox 236 236 1503 292; baseline 0.002 -13"><span class='ocrx_word' id='word_1_2' title='bbox 236 242 324 280; x_wconf 80' lang='lat' dir='ltr'>uerit</span> <span class='ocrx_word' id='word_1_3' title='bbox 346 253 391 283; x_wconf 80' lang='lat' dir='ltr'>an</span> <span class='ocrx_word' id='word_1_4' title='bbox 419 236 612 289; x_wconf 77' lang='grc' dir='ltr'><strong><em>ἰσοτελὴς,</em></strong></span> <span class='ocrx_word' id='word_1_5' title='bbox 638 240 806 277; x_wconf 75' lang='lat' dir='ltr'>ineermm&#39;</span> <span class='ocrx_word' id='word_1_6' title='bbox 835 246 910 286; x_wconf 60' lang='lat' dir='ltr'>esu</span> <span class='ocrx_word' id='word_1_7' title='bbox 945 253 1022 279; x_wconf 85' lang='lat' dir='ltr'>nam</span> <span class='ocrx_word' id='word_1_8' title='bbox 1048 251 1092 281; x_wconf 82' lang='lat' dir='ltr'>ex</span> <span class='ocrx_word' id='word_1_9' title='bbox 1117 239 1263 279; x_wconf 76' lang='lat' dir='ltr'>Platone</span> <span class='ocrx_word' id='word_1_10' title='bbox 1286 255 1355 280; x_wconf 81' lang='lat' dir='ltr'>nou</span> <span class='ocrx_word' id='word_1_11' title='bbox 1381 242 1503 292; x_wconf 79' lang='lat' dir='ltr'>elucet,</span> 
     </span>
     <span class='ocr_line' id='line_1_3' title="bbox 218 289 1503 345; baseline 0.002 -13"><span class='ocrx_word' id='word_1_12' title='bbox 218 307 300 333; x_wconf 87' lang='lat' dir='ltr'>num</span> <span class='ocrx_word' id='word_1_13' title='bbox 326 295 433 333; x_wconf 78' lang='lat' dir='ltr'>aedes</span> <span class='ocrx_word' id='word_1_14' title='bbox 458 305 545 344; x_wconf 86' lang='lat' dir='ltr'>quas</span> <span class='ocrx_word' id='word_1_15' title='bbox 579 290 755 330; x_wconf 71' lang='lat' dir='ltr'><strong>habitabat</strong></span> <span class='ocrx_word' id='word_1_16' title='bbox 789 289 916 330; x_wconf 77' lang='lat' dir='ltr'>suerint</span> <span class='ocrx_word' id='word_1_17' title='bbox 942 291 1087 343; x_wconf 77' lang='lat' dir='ltr'>Cephali</span> <span class='ocrx_word' id='word_1_18' title='bbox 1105 291 1148 345; x_wconf 87' lang='lat'>¹).</span> <span class='ocrx_word' id='word_1_19' title='bbox 1201 292 1379 333; x_wconf 73' lang='lat' dir='ltr'>Prioribus</span> <span class='ocrx_word' id='word_1_20' title='bbox 1412 301 1503 334; x_wconf 79' lang='lat' dir='ltr'>tem-</span> 
     </span>
     <span class='ocr_line' id='line_1_4' title="bbox 216 343 1500 396; baseline 0 -12"><span class='ocrx_word' id='word_1_21' title='bbox 216 347 360 396; x_wconf 81' lang='lat' dir='ltr'>poribus</span> <span class='ocrx_word' id='word_1_22' title='bbox 385 346 562 382; x_wconf 80' lang='lat' dir='ltr'>Socratem</span> <span class='ocrx_word' id='word_1_23' title='bbox 589 343 729 391; x_wconf 82' lang='lat' dir='ltr'>saepius</span> <span class='ocrx_word' id='word_1_24' title='bbox 754 343 884 381; x_wconf 78' lang='lat' dir='ltr'>adiisse</span> <span class='ocrx_word' id='word_1_25' title='bbox 920 344 1045 382; x_wconf 86' lang='lat' dir='ltr'>dicitur</span> <span class='ocrx_word' id='word_1_26' title='bbox 1069 358 1092 383; x_wconf 92' lang='lat' dir='ltr'>a</span> <span class='ocrx_word' id='word_1_27' title='bbox 1117 345 1286 391; x_wconf 79' lang='lat' dir='ltr'>Platone3</span> <span class='ocrx_word' id='word_1_28' title='bbox 1320 354 1391 382; x_wconf 88' lang='lat' dir='ltr'>tum</span> <span class='ocrx_word' id='word_1_29' title='bbox 1417 360 1500 387; x_wconf 83' lang='lat' dir='ltr'>vero</span> 
     </span>
     <span class='ocr_line' id='line_1_5' title="bbox 216 395 1498 447; baseline 0.001 -11"><span class='ocrx_word' id='word_1_30' title='bbox 216 398 317 436; x_wconf 87' lang='lat' dir='ltr'>aunis</span> <span class='ocrx_word' id='word_1_31' title='bbox 338 397 412 447; x_wconf 86' lang='lat' dir='ltr'>jam</span> <span class='ocrx_word' id='word_1_32' title='bbox 440 400 619 446; x_wconf 79' lang='lat' dir='ltr'>provectus</span> <span class='ocrx_word' id='word_1_33' title='bbox 647 407 733 432; x_wconf 88' lang='lat' dir='ltr'>suas</span> <span class='ocrx_word' id='word_1_34' title='bbox 760 395 864 432; x_wconf 85' lang='lat' dir='ltr'>aedes</span> <span class='ocrx_word' id='word_1_35' title='bbox 891 408 959 432; x_wconf 86' lang='lat' dir='ltr'>non</span> <span class='ocrx_word' id='word_1_36' title='bbox 985 396 1207 447; x_wconf 78' lang='lat' dir='ltr'>relinquebat.</span> <span class='ocrx_word' id='word_1_37' title='bbox 1262 396 1383 447; x_wconf 85' lang='lat' dir='ltr'>Itaque</span> <span class='ocrx_word' id='word_1_38' title='bbox 1407 399 1498 436; x_wconf 78' lang='lat' dir='ltr'>ani-</span> 
     </span>
     <span class='ocr_line' id='line_1_6' title="bbox 216 447 1497 498; baseline 0 -10"><span class='ocrx_word' id='word_1_39' title='bbox 216 463 293 488; x_wconf 86' lang='lat' dir='ltr'>cnm</span> <span class='ocrx_word' id='word_1_40' title='bbox 320 449 472 497; x_wconf 80' lang='lat' dir='ltr'>longiore</span> <span class='ocrx_word' id='word_1_41' title='bbox 496 459 540 484; x_wconf 87' lang='lat' dir='ltr'>ex</span> <span class='ocrx_word' id='word_1_42' title='bbox 567 460 634 496; x_wconf 93' lang='lat' dir='ltr'>quo</span> <span class='ocrx_word' id='word_1_43' title='bbox 660 460 736 486; x_wconf 90' lang='lat' dir='ltr'>eum</span> <span class='ocrx_word' id='word_1_44' title='bbox 763 447 894 485; x_wconf 82' lang='lat' dir='ltr'>viderat</span> <span class='ocrx_word' id='word_1_45' title='bbox 919 454 1070 498; x_wconf 88' lang='lat' dir='ltr'>tempore</span> <span class='ocrx_word' id='word_1_46' title='bbox 1105 448 1338 498; x_wconf 81' lang='lat' dir='ltr'>praeterlapso</span> <span class='ocrx_word' id='word_1_47' title='bbox 1365 450 1497 489; x_wconf 82' lang='lat' dir='ltr'>Socra-</span> 
     </span>
     <span class='ocr_line' id='line_1_7' title="bbox 216 498 1495 546; baseline 0 -8"><span class='ocrx_word' id='word_1_48' title='bbox 216 508 268 539; x_wconf 86' lang='lat' dir='ltr'>tes</span> <span class='ocrx_word' id='word_1_49' title='bbox 303 501 406 546; x_wconf 87' lang='lat' dir='ltr'>adiit,</span> <span class='ocrx_word' id='word_1_50' title='bbox 450 498 698 536; x_wconf 82' lang='lat' dir='ltr'>sacrificantem</span> <span class='ocrx_word' id='word_1_51' title='bbox 737 499 884 544; x_wconf 88' lang='lat' dir='ltr'>invenit,</span> <span class='ocrx_word' id='word_1_52' title='bbox 932 512 1006 536; x_wconf 86' lang='lat' dir='ltr'>cnm</span> <span class='ocrx_word' id='word_1_53' title='bbox 1048 513 1091 537; x_wconf 90' lang='lat' dir='ltr'>eo</span> <span class='ocrx_word' id='word_1_54' title='bbox 1128 504 1170 537; x_wconf 89' lang='lat' dir='ltr'>‹le</span> <span class='ocrx_word' id='word_1_55' title='bbox 1205 507 1376 538; x_wconf 82' lang='lat' dir='ltr'>senectute</span> <span class='ocrx_word' id='word_1_56' title='bbox 1419 502 1495 538; x_wconf 88' lang='lat' dir='ltr'>col-</span> 
     </span>
     <span class='ocr_line' id='line_1_8' title="bbox 215 549 1495 602; baseline 0.001 -12"><span class='ocrx_word' id='word_1_57' title='bbox 215 552 308 602; x_wconf 89' lang='lat' dir='ltr'>loqui</span> <span class='ocrx_word' id='word_1_58' title='bbox 335 549 454 600; x_wconf 75' lang='lat' dir='ltr'>roepit,</span> <span class='ocrx_word' id='word_1_59' title='bbox 480 562 648 600; x_wconf 86' lang='lat' dir='ltr'>quumque</span> <span class='ocrx_word' id='word_1_60' title='bbox 674 549 847 598; x_wconf 80' lang='lat' dir='ltr'>Cephalus</span> <span class='ocrx_word' id='word_1_61' title='bbox 872 550 1025 597; x_wconf 76' lang='lat' dir='ltr'>dixisset,</span> <span class='ocrx_word' id='word_1_62' title='bbox 1052 551 1109 600; x_wconf 90' lang='lat' dir='ltr'>qui</span> <span class='ocrx_word' id='word_1_63' title='bbox 1130 552 1224 602; x_wconf 86' lang='lat' dir='ltr'>juste</span> <span class='ocrx_word' id='word_1_64' title='bbox 1249 553 1353 590; x_wconf 87' lang='lat' dir='ltr'>vitam</span> <span class='ocrx_word' id='word_1_65' title='bbox 1381 560 1495 591; x_wconf 87' lang='lat' dir='ltr'>trans-</span> 
     </span>
     <span class='ocr_line' id='line_1_9' title="bbox 214 601 1495 653; baseline 0.002 -13"><span class='ocrx_word' id='word_1_66' title='bbox 214 606 356 653; x_wconf 75' lang='lat' dir='ltr'>egisset,</span> <span class='ocrx_word' id='word_1_67' title='bbox 383 603 414 639; x_wconf 81' lang='lat' dir='ltr'>ei</span> <span class='ocrx_word' id='word_1_68' title='bbox 442 602 655 651; x_wconf 77' lang='lat' dir='ltr'>tranquillam</span> <span class='ocrx_word' id='word_1_69' title='bbox 682 614 725 638; x_wconf 83' lang='lat' dir='ltr'>ao</span> <span class='ocrx_word' id='word_1_70' title='bbox 760 601 885 638; x_wconf 88' lang='lat' dir='ltr'>laetam</span> <span class='ocrx_word' id='word_1_71' title='bbox 920 604 1117 651; x_wconf 82' lang='lat' dir='ltr'>contingere</span> <span class='ocrx_word' id='word_1_72' title='bbox 1148 610 1371 652; x_wconf 81' lang='lat' dir='ltr'>senectutem,</span> <span class='ocrx_word' id='word_1_73' title='bbox 1405 605 1495 643; x_wconf 84' lang='lat' dir='ltr'>inci-</span> 
     </span>
     <span class='ocr_line' id='line_1_10' title="bbox 212 652 1493 706; baseline 0.001 -13"><span class='ocrx_word' id='word_1_74' title='bbox 212 658 298 693; x_wconf 81' lang='lat' dir='ltr'>dunt</span> <span class='ocrx_word' id='word_1_75' title='bbox 323 655 357 692; x_wconf 91' lang='lat' dir='ltr'>in</span> <span class='ocrx_word' id='word_1_76' title='bbox 384 655 616 704; x_wconf 88' lang='lat' dir='ltr'>quaestionem</span> <span class='ocrx_word' id='word_1_77' title='bbox 641 654 684 690; x_wconf 87' lang='lat' dir='ltr'>de</span> <span class='ocrx_word' id='word_1_78' title='bbox 709 665 750 689; x_wconf 85' lang='lat' dir='ltr'>eo</span> <span class='ocrx_word' id='word_1_79' title='bbox 777 653 869 702; x_wconf 86' lang='lat' dir='ltr'>quod</span> <span class='ocrx_word' id='word_1_80' title='bbox 900 652 1030 703; x_wconf 83' lang='lat' dir='ltr'>justum</span> <span class='ocrx_word' id='word_1_81' title='bbox 1057 654 1309 703; x_wconf 80' lang='lat' dir='ltr'>appellaretur,</span> <span class='ocrx_word' id='word_1_82' title='bbox 1344 661 1445 706; x_wconf 86' lang='lat' dir='ltr'>atque</span> <span class='ocrx_word' id='word_1_83' title='bbox 1469 670 1493 694; x_wconf 86' lang='lat' dir='ltr'>a</span> 
     </span>
     <span class='ocr_line' id='line_1_11' title="bbox 211 705 1492 756; baseline 0.001 -10"><span class='ocrx_word' id='word_1_84' title='bbox 211 708 356 746; x_wconf 86' lang='lat' dir='ltr'>Socrate</span> <span class='ocrx_word' id='word_1_85' title='bbox 381 706 430 743; x_wconf 83' lang='lat' dir='ltr'>illi</span> <span class='ocrx_word' id='word_1_86' title='bbox 456 707 499 743; x_wconf 85' lang='lat' dir='ltr'>de</span> <span class='ocrx_word' id='word_1_87' title='bbox 518 705 699 755; x_wconf 71' lang='lat' dir='ltr'>,republica</span> <span class='ocrx_word' id='word_1_88' title='bbox 725 717 903 743; x_wconf 89' lang='lat' dir='ltr'>sermones</span> <span class='ocrx_word' id='word_1_89' title='bbox 935 706 1041 744; x_wconf 89' lang='lat' dir='ltr'>habiti</span> <span class='ocrx_word' id='word_1_90' title='bbox 1075 712 1156 744; x_wconf 90' lang='lat' dir='ltr'>sunt</span> <span class='ocrx_word' id='word_1_91' title='bbox 1180 720 1265 756; x_wconf 88' lang='lat' dir='ltr'>quos</span> <span class='ocrx_word' id='word_1_92' title='bbox 1290 708 1389 746; x_wconf 88' lang='lat' dir='ltr'>Plato</span> <span class='ocrx_word' id='word_1_93' title='bbox 1414 709 1492 747; x_wconf 86' lang='lat' dir='ltr'>lite-</span> 
     </span>
     <span class='ocr_line' id='line_1_12' title="bbox 211 756 1491 807; baseline 0 -9"><span class='ocrx_word' id='word_1_94' title='bbox 211 760 262 798; x_wconf 82' lang='lat' dir='ltr'>ris</span> <span class='ocrx_word' id='word_1_95' title='bbox 287 758 482 804; x_wconf 74' lang='lat' dir='ltr'>maudavi13</span> <span class='ocrx_word' id='word_1_96' title='bbox 508 770 569 795; x_wconf 87' lang='lat' dir='ltr'>cos</span> <span class='ocrx_word' id='word_1_97' title='bbox 597 770 705 807; x_wconf 89' lang='lat' dir='ltr'>neque</span> <span class='ocrx_word' id='word_1_98' title='bbox 731 757 789 796; x_wconf 88' lang='lat' dir='ltr'>Ol.</span> <span class='ocrx_word' id='word_1_99' title='bbox 816 756 880 795; x_wconf 88' lang='grc'>92.</span> <span class='ocrx_word' id='word_1_100' title='bbox 916 770 1023 807; x_wconf 87' lang='lat' dir='ltr'>neque</span> <span class='ocrx_word' id='word_1_101' title='bbox 1049 759 1103 797; x_wconf 91' lang='grc' dir='ltr'>ΟΙ.</span> <span class='ocrx_word' id='word_1_102' title='bbox 1129 757 1191 797; x_wconf 84' lang='grc'>85.</span> <span class='ocrx_word' id='word_1_103' title='bbox 1207 788 1217 805; x_wconf 92' lang='grc'>,</span> <span class='ocrx_word' id='word_1_104' title='bbox 1252 764 1287 795; x_wconf 90' lang='lat' dir='ltr'>ut</span> <span class='ocrx_word' id='word_1_105' title='bbox 1312 757 1491 798; x_wconf 86' lang='lat' dir='ltr'>Stallhau-</span> 
     </span>
     <span class='ocr_line' id='line_1_13' title="bbox 214 809 1490 861; baseline 0.002 -13"><span class='ocrx_word' id='word_1_106' title='bbox 214 811 305 849; x_wconf 87' lang='lat' dir='ltr'>mins</span> <span class='ocrx_word' id='word_1_107' title='bbox 331 810 515 860; x_wconf 76' lang='lat' dir='ltr'>¹conjecit,</span> <span class='ocrx_word' id='word_1_108' title='bbox 561 810 622 847; x_wconf 83' lang='lat' dir='ltr'>sed</span> <span class='ocrx_word' id='word_1_109' title='bbox 656 822 689 848; x_wconf 82' lang='lat' dir='ltr'>o.</span> <span class='ocrx_word' id='word_1_110' title='bbox 722 809 780 847; x_wconf 83' lang='lat'>0¹.</span> <span class='ocrx_word' id='word_1_111' title='bbox 809 809 876 848; x_wconf 80' lang='lat'>83.</span> <span class='ocrx_word' id='word_1_112' title='bbox 921 811 1056 847; x_wconf 75' lang='lat' dir='ltr'>habitos</span> <span class='ocrx_word' id='word_1_113' title='bbox 1095 822 1174 848; x_wconf 87' lang='lat' dir='ltr'>esse</span> <span class='ocrx_word' id='word_1_114' title='bbox 1216 810 1304 848; x_wconf 80' lang='lat' dir='ltr'>infra</span> <span class='ocrx_word' id='word_1_115' title='bbox 1344 813 1490 861; x_wconf 87' lang='lat' dir='ltr'>probare</span> 
     </span>
    </p>
   </div>
   <div class='ocr_carea' id='block_1_3' title="bbox 210 863 1487 963">
    <p class='ocr_par' dir='ltr' id='par_1_3' title="bbox 210 863 1487 963">
     <span class='ocr_line' id='line_1_14' title="bbox 210 863 1487 963; baseline 0.036 -20"><span class='ocrx_word' id='word_1_116' title='bbox 210 863 486 961; x_wconf 44' lang='lat' dir='ltr'>stutlelbtphalus</span> <span class='ocrx_word' id='word_1_117' title='bbox 522 910 640 948; x_wconf 84' lang='lat' dir='ltr'>habuit</span> <span class='ocrx_word' id='word_1_118' title='bbox 675 915 832 960; x_wconf 81' lang='lat' dir='ltr'>quattuor</span> <span class='ocrx_word' id='word_1_119' title='bbox 863 910 976 958; x_wconf 59' lang='lat' dir='ltr'>filios,</span> <span class='ocrx_word' id='word_1_120' title='bbox 1019 911 1297 959; x_wconf 64' lang='lat' dir='ltr'><strong>P⁰¹⁰¹¹¹³wh¹¹m’</strong></span> <span class='ocrx_word' id='word_1_121' title='bbox 1330 914 1487 963; x_wconf 48' lang='lat' dir='ltr'>Lyfflam’</span> 
     </span>
    </p>
   </div>
   <div class='ocr_carea' id='block_1_4' title="bbox 199 960 1489 2001">
    <p class='ocr_par' dir='ltr' id='par_1_4' title="bbox 199 960 1489 2001">
     <span class='ocr_line' id='line_1_15' title="bbox 208 960 1489 1015; baseline 0 -12"><span class='ocrx_word' id='word_1_122' title='bbox 208 965 469 1015; x_wconf 81' lang='lat' dir='ltr'>Euthydemum,</span> <span class='ocrx_word' id='word_1_123' title='bbox 495 960 734 1010; x_wconf 72' lang='lat' dir='ltr'>Brachyllem,</span> <span class='ocrx_word' id='word_1_124' title='bbox 773 975 819 999; x_wconf 86' lang='lat' dir='ltr'>ex</span> <span class='ocrx_word' id='word_1_125' title='bbox 844 964 967 1013; x_wconf 89' lang='lat' dir='ltr'>quibus</span> <span class='ocrx_word' id='word_1_126' title='bbox 999 969 1070 1001; x_wconf 82' lang='lat' dir='ltr'>tres</span> <span class='ocrx_word' id='word_1_127' title='bbox 1106 964 1238 1012; x_wconf 82' lang='lat' dir='ltr'>priores</span> <span class='ocrx_word' id='word_1_128' title='bbox 1269 965 1368 1003; x_wconf 70' lang='lat' dir='ltr'>Plato</span> <span class='ocrx_word' id='word_1_129' title='bbox 1393 979 1489 1003; x_wconf 88' lang='lat' dir='ltr'>com-</span> 
     </span>
     <span class='ocr_line' id='line_1_16' title="bbox 207 1013 1489 1066; baseline -0.002 -12"><span class='ocrx_word' id='word_1_130' title='bbox 207 1021 384 1063; x_wconf 79' lang='lat' dir='ltr'>memorat,</span> <span class='ocrx_word' id='word_1_131' title='bbox 410 1014 583 1063; x_wconf 81' lang='lat' dir='ltr'>Brachylli</span> <span class='ocrx_word' id='word_1_132' title='bbox 607 1013 811 1051; x_wconf 76' lang='lat' dir='ltr'>Plutarchus</span> <span class='ocrx_word' id='word_1_133' title='bbox 837 1015 1037 1052; x_wconf 80' lang='lat' dir='ltr'>mentionem</span> <span class='ocrx_word' id='word_1_134' title='bbox 1063 1014 1155 1054; x_wconf 76' lang='lat' dir='ltr'>facit.</span> <span class='ocrx_word' id='word_1_135' title='bbox 1210 1016 1385 1065; x_wconf 82' lang='lat' dir='ltr'>Taylorus</span> <span class='ocrx_word' id='word_1_136' title='bbox 1411 1017 1489 1066; x_wconf 85' lang='lat' dir='ltr'>qui..</span> 
     </span>
     <span class='ocr_line' id='line_1_17' title="bbox 207 1065 1487 1119; baseline 0.001 -14"><span class='ocrx_word' id='word_1_137' title='bbox 207 1070 296 1115; x_wconf 84' lang='lat' dir='ltr'>dem,</span> <span class='ocrx_word' id='word_1_138' title='bbox 324 1068 423 1116; x_wconf 85' lang='lat' dir='ltr'>cujus</span> <span class='ocrx_word' id='word_1_139' title='bbox 449 1065 652 1103; x_wconf 80' lang='lat' dir='ltr'>seutentiam</span> <span class='ocrx_word' id='word_1_140' title='bbox 678 1065 858 1114; x_wconf 87' lang='lat' dir='ltr'>amplexus</span> <span class='ocrx_word' id='word_1_141' title='bbox 894 1071 947 1103; x_wconf 86' lang='lat' dir='ltr'>est</span> <span class='ocrx_word' id='word_1_142' title='bbox 980 1066 1169 1114; x_wconf 82' lang='lat' dir='ltr'>Franzius,</span> <span class='ocrx_word' id='word_1_143' title='bbox 1204 1070 1373 1105; x_wconf 81' lang='lat' dir='ltr'>contendit</span> <span class='ocrx_word' id='word_1_144' title='bbox 1410 1069 1487 1119; x_wconf 84' lang='lat' dir='ltr'>Ly-</span> 
     </span>
     <span class='ocr_line' id='line_1_18' title="bbox 206 1116 1488 1168; baseline 0 -10"><span class='ocrx_word' id='word_1_145' title='bbox 206 1120 296 1159; x_wconf 80' lang='lat' dir='ltr'>siam</span> <span class='ocrx_word' id='word_1_146' title='bbox 321 1118 542 1167; x_wconf 76' lang='lat' dir='ltr'>Brachyllum</span> <span class='ocrx_word' id='word_1_147' title='bbox 567 1116 707 1153; x_wconf 76' lang='lat' dir='ltr'>fratrem</span> <span class='ocrx_word' id='word_1_148' title='bbox 734 1130 799 1153; x_wconf 90' lang='lat' dir='ltr'>uon</span> <span class='ocrx_word' id='word_1_149' title='bbox 837 1117 1020 1164; x_wconf 83' lang='lat' dir='ltr'>habuisse,</span> <span class='ocrx_word' id='word_1_150' title='bbox 1056 1119 1144 1167; x_wconf 86' lang='lat' dir='ltr'>quod</span> <span class='ocrx_word' id='word_1_151' title='bbox 1176 1118 1362 1168; x_wconf 82' lang='lat' dir='ltr'>Dionysius</span> <span class='ocrx_word' id='word_1_152' title='bbox 1395 1121 1488 1160; x_wconf 80' lang='lat' dir='ltr'>refe-</span> 
     </span>
     <span class='ocr_line' id='line_1_19' title="bbox 205 1164 1486 1222; baseline 0.001 -12"><span class='ocrx_word' id='word_1_153' title='bbox 205 1180 275 1220; x_wconf 85' lang='lat' dir='ltr'>rat,</span> <span class='ocrx_word' id='word_1_154' title='bbox 307 1166 468 1215; x_wconf 85' lang='grc' dir='ltr'><em>Λυσὶας</em></span> <span class='ocrx_word' id='word_1_155' title='bbox 494 1164 616 1222; x_wconf 78' lang='grc' dir='ltr'><em>ᾤχετο</em></span> <span class='ocrx_word' id='word_1_156' title='bbox 642 1165 719 1207; x_wconf 80' lang='grc' dir='ltr'>σὺν</span> <span class='ocrx_word' id='word_1_157' title='bbox 743 1164 934 1220; x_wconf 78' lang='grc' dir='ltr'><em>ἀδελφοῖς</em></span> <span class='ocrx_word' id='word_1_158' title='bbox 959 1165 1076 1217; x_wconf 72' lang='grc' dir='ltr'><strong><em>δυσιῗς</em></strong></span> <span class='ocrx_word' id='word_1_159' title='bbox 1111 1172 1171 1208; x_wconf 83' lang='lat' dir='ltr'>sed</span> <span class='ocrx_word' id='word_1_160' title='bbox 1208 1170 1303 1209; x_wconf 82' lang='lat' dir='ltr'>locus</span> <span class='ocrx_word' id='word_1_161' title='bbox 1329 1172 1374 1209; x_wconf 83' lang='lat' dir='ltr'>nil</span> <span class='ocrx_word' id='word_1_162' title='bbox 1402 1186 1486 1222; x_wconf 85' lang='lat' dir='ltr'>pro-</span> 
     </span>
     <span class='ocr_line' id='line_1_20' title="bbox 206 1222 1482 1272; baseline 0 -10"><span class='ocrx_word' id='word_1_163' title='bbox 206 1226 279 1262; x_wconf 78' lang='lat' dir='ltr'>hat.</span> <span class='ocrx_word' id='word_1_164' title='bbox 331 1224 371 1261; x_wconf 89' lang='lat' dir='ltr'>Si</span> <span class='ocrx_word' id='word_1_165' title='bbox 396 1224 484 1259; x_wconf 84' lang='lat' dir='ltr'>duos</span> <span class='ocrx_word' id='word_1_166' title='bbox 509 1229 640 1259; x_wconf 83' lang='lat' dir='ltr'>tantum</span> <span class='ocrx_word' id='word_1_167' title='bbox 668 1223 790 1258; x_wconf 83' lang='lat' dir='ltr'>fratres</span> <span class='ocrx_word' id='word_1_168' title='bbox 816 1222 946 1270; x_wconf 83' lang='lat' dir='ltr'>Lysias</span> <span class='ocrx_word' id='word_1_169' title='bbox 973 1222 1167 1269; x_wconf 80' lang='lat' dir='ltr'>habuisset,</span> <span class='ocrx_word' id='word_1_170' title='bbox 1189 1222 1376 1272; x_wconf 80' lang='lat' dir='ltr'>Dionysius</span> <span class='ocrx_word' id='word_1_171' title='bbox 1402 1238 1482 1272; x_wconf 89' lang='lat' dir='ltr'>non,</span> 
     </span>
     <span class='ocr_line' id='line_1_21' title="bbox 205 1268 1484 1325; baseline 0.001 -13"><span class='ocrx_word' id='word_1_172' title='bbox 205 1281 244 1320; x_wconf 84' lang='lat' dir='ltr'>ut</span> <span class='ocrx_word' id='word_1_173' title='bbox 270 1275 449 1324; x_wconf 72' lang='lat' dir='ltr'>Taylorus</span> <span class='ocrx_word' id='word_1_174' title='bbox 473 1272 557 1317; x_wconf 80' lang='lat' dir='ltr'>vult,</span> <span class='ocrx_word' id='word_1_175' title='bbox 584 1269 662 1311; x_wconf 82' lang='grc' dir='ltr'>σὺν</span> <span class='ocrx_word' id='word_1_176' title='bbox 685 1268 874 1323; x_wconf 74' lang='grc' dir='ltr'><em>ἀδελφῶν</em></span> <span class='ocrx_word' id='word_1_177' title='bbox 902 1269 1018 1325; x_wconf 48' lang='lat' dir='ltr'>evat,</span> <span class='ocrx_word' id='word_1_178' title='bbox 1054 1276 1113 1311; x_wconf 88' lang='lat' dir='ltr'>sed</span> <span class='ocrx_word' id='word_1_179' title='bbox 1147 1270 1223 1310; x_wconf 79' lang='grc' dir='ltr'>σὺν</span> <span class='ocrx_word' id='word_1_180' title='bbox 1254 1274 1339 1320; x_wconf 72' lang='grc' dir='ltr'><strong><em>τοῖς</em></strong></span> <span class='ocrx_word' id='word_1_181' title='bbox 1363 1273 1484 1313; x_wconf 82' lang='grc' dir='ltr'><strong><em>δυσὶν</em></strong></span> 
     </span>
     <span class='ocr_line' id='line_1_22' title="bbox 205 1322 1482 1378; baseline 0.002 -14"><span class='ocrx_word' id='word_1_182' title='bbox 205 1322 401 1378; x_wconf 79' lang='grc' dir='ltr'><em>ἀδελφοῖς</em></span> <span class='ocrx_word' id='word_1_183' title='bbox 425 1326 570 1363; x_wconf 82' lang='lat' dir='ltr'>debehat</span> <span class='ocrx_word' id='word_1_184' title='bbox 594 1325 741 1362; x_wconf 84' lang='lat' dir='ltr'>scrihere</span> <span class='ocrx_word' id='word_1_185' title='bbox 754 1325 800 1374; x_wconf 82' lang='lat'>2).</span> <span class='ocrx_word' id='word_1_186' title='bbox 853 1325 1095 1363; x_wconf 83' lang='lat' dir='ltr'>Polemarchus</span> <span class='ocrx_word' id='word_1_187' title='bbox 1120 1326 1357 1376; x_wconf 85' lang='lat' dir='ltr'>philosophus,</span> <span class='ocrx_word' id='word_1_188' title='bbox 1383 1341 1482 1377; x_wconf 87' lang='lat' dir='ltr'>quem</span> 
     </span>
     <span class='ocr_line' id='line_1_23' title="bbox 202 1376 1485 1426; baseline 0.002 -11"><span class='ocrx_word' id='word_1_189' title='bbox 202 1379 303 1426; x_wconf 77' lang='lat' dir='ltr'>Plato</span> <span class='ocrx_word' id='word_1_190' title='bbox 327 1379 429 1416; x_wconf 80' lang='lat' dir='ltr'>etiam</span> <span class='ocrx_word' id='word_1_191' title='bbox 453 1379 488 1414; x_wconf 88' lang='lat' dir='ltr'>in</span> <span class='ocrx_word' id='word_1_192' title='bbox 514 1377 672 1415; x_wconf 81' lang='lat' dir='ltr'>Phaedro</span> <span class='ocrx_word' id='word_1_193' title='bbox 698 1390 734 1425; x_wconf 87' lang='lat' dir='ltr'>p.</span> <span class='ocrx_word' id='word_1_194' title='bbox 757 1376 849 1415; x_wconf 79' lang='lat'><strong>257.</strong></span> <span class='ocrx_word' id='word_1_195' title='bbox 876 1379 934 1424; x_wconf 89' lang='lat' dir='ltr'>b.‚</span> <span class='ocrx_word' id='word_1_196' title='bbox 964 1377 1101 1421; x_wconf 76' lang='lat' dir='ltr'>suidas,</span> <span class='ocrx_word' id='word_1_197' title='bbox 1126 1377 1362 1426; x_wconf 72' lang='lat' dir='ltr'>Harpocratio,</span> <span class='ocrx_word' id='word_1_198' title='bbox 1389 1380 1485 1418; x_wconf 89' lang='lat' dir='ltr'>Pho-</span> 
     </span>
     <span class='ocr_line' id='line_1_24' title="bbox 203 1429 1483 1480; baseline 0 -11"><span class='ocrx_word' id='word_1_199' title='bbox 203 1431 271 1469; x_wconf 83' lang='lat' dir='ltr'>tius</span> <span class='ocrx_word' id='word_1_200' title='bbox 284 1429 320 1480; x_wconf 81' lang='grc'>3)</span> <span class='ocrx_word' id='word_1_201' title='bbox 344 1430 486 1468; x_wconf 79' lang='lat' dir='ltr'>fratrem</span> <span class='ocrx_word' id='word_1_202' title='bbox 511 1429 641 1478; x_wconf 76' lang='lat' dir='ltr'>Lysiae</span> <span class='ocrx_word' id='word_1_203' title='bbox 665 1433 802 1475; x_wconf 82' lang='lat' dir='ltr'>vocant,</span> <span class='ocrx_word' id='word_1_204' title='bbox 828 1441 903 1466; x_wconf 87' lang='lat' dir='ltr'>cnm</span> <span class='ocrx_word' id='word_1_205' title='bbox 928 1429 1039 1477; x_wconf 80' lang='lat' dir='ltr'>Lysia</span> <span class='ocrx_word' id='word_1_206' title='bbox 1065 1429 1218 1466; x_wconf 84' lang='lat' dir='ltr'>Thurios</span> <span class='ocrx_word' id='word_1_207' title='bbox 1247 1431 1483 1480; x_wconf 77' lang='lat' dir='ltr'>commigravit</span> 
     </span>
     <span class='ocr_line' id='line_1_25' title="bbox 203 1479 1481 1532; baseline 0.001 -11"><span class='ocrx_word' id='word_1_208' title='bbox 203 1488 305 1532; x_wconf 78' lang='lat' dir='ltr'>atque</span> <span class='ocrx_word' id='word_1_209' title='bbox 339 1482 420 1519; x_wconf 85' lang='lat' dir='ltr'>iude</span> <span class='ocrx_word' id='word_1_210' title='bbox 455 1487 577 1531; x_wconf 81' lang='lat' dir='ltr'>postea</span> <span class='ocrx_word' id='word_1_211' title='bbox 613 1479 659 1517; x_wconf 88' lang='lat' dir='ltr'>nti</span> <span class='ocrx_word' id='word_1_212' title='bbox 694 1480 826 1529; x_wconf 84' lang='lat' dir='ltr'>Lysias</span> <span class='ocrx_word' id='word_1_213' title='bbox 858 1481 1011 1518; x_wconf 82' lang='lat' dir='ltr'>Athenas</span> <span class='ocrx_word' id='word_1_214' title='bbox 1046 1481 1157 1519; x_wconf 86' lang='lat' dir='ltr'>rediit.</span> <span class='ocrx_word' id='word_1_215' title='bbox 1218 1481 1310 1520; x_wconf 86' lang='lat' dir='ltr'>Num</span> <span class='ocrx_word' id='word_1_216' title='bbox 1347 1483 1401 1521; x_wconf 88' lang='lat' dir='ltr'>bic</span> <span class='ocrx_word' id='word_1_217' title='bbox 1435 1484 1481 1522; x_wconf 84' lang='lat' dir='ltr'>sit</span> 
     </span>
     <span class='ocr_line' id='line_1_26' title="bbox 200 1532 1483 1581; baseline 0.001 -8"><span class='ocrx_word' id='word_1_218' title='bbox 200 1535 448 1573; x_wconf 85' lang='lat' dir='ltr'>Polemarcbns</span> <span class='ocrx_word' id='word_1_219' title='bbox 472 1532 530 1570; x_wconf 86' lang='lat' dir='ltr'>ille</span> <span class='ocrx_word' id='word_1_220' title='bbox 555 1532 653 1581; x_wconf 85' lang='lat' dir='ltr'>cujus</span> <span class='ocrx_word' id='word_1_221' title='bbox 678 1545 799 1570; x_wconf 86' lang='lat' dir='ltr'>servus</span> <span class='ocrx_word' id='word_1_222' title='bbox 823 1532 1079 1571; x_wconf 79' lang='lat' dir='ltr'>Andromachus</span> <span class='ocrx_word' id='word_1_223' title='bbox 1103 1533 1138 1570; x_wconf 88' lang='lat' dir='ltr'>iu</span> <span class='ocrx_word' id='word_1_224' title='bbox 1166 1534 1297 1572; x_wconf 83' lang='lat' dir='ltr'>actione</span> <span class='ocrx_word' id='word_1_225' title='bbox 1322 1536 1365 1573; x_wconf 87' lang='lat' dir='ltr'>de</span> <span class='ocrx_word' id='word_1_226' title='bbox 1390 1535 1483 1574; x_wconf 87' lang='lat' dir='ltr'>Her-</span> 
     </span>
     <span class='ocr_line' id='line_1_27' title="bbox 201 1584 1480 1642; baseline 0 -17"><span class='ocrx_word' id='word_1_227' title='bbox 201 1588 268 1626; x_wconf 88' lang='lat' dir='ltr'>mis</span> <span class='ocrx_word' id='word_1_228' title='bbox 294 1585 457 1624; x_wconf 87' lang='lat' dir='ltr'>mutilatis</span> <span class='ocrx_word' id='word_1_229' title='bbox 481 1585 632 1642; x_wconf 75' lang='lat' dir='ltr'>instituta</span> <span class='ocrx_word' id='word_1_230' title='bbox 666 1597 808 1632; x_wconf 78' lang='lat' dir='ltr'>gravem</span> <span class='ocrx_word' id='word_1_231' title='bbox 843 1585 1032 1634; x_wconf 81' lang='lat' dir='ltr'>personam</span> <span class='ocrx_word' id='word_1_232' title='bbox 1061 1584 1238 1634; x_wconf 84' lang='lat' dir='ltr'>sustinuit,</span> <span class='ocrx_word' id='word_1_233' title='bbox 1271 1587 1335 1634; x_wconf 75' lang='lat' dir='ltr'>(ef.</span> <span class='ocrx_word' id='word_1_234' title='bbox 1362 1587 1480 1638; x_wconf 80' lang='lat' dir='ltr'>Droy-</span> 
     </span>
     <span class='ocr_line' id='line_1_28' title="bbox 202 1636 1480 1689; baseline 0 -11"><span class='ocrx_word' id='word_1_235' title='bbox 202 1652 276 1682; x_wconf 83' lang='lat' dir='ltr'>sen.</span> <span class='ocrx_word' id='word_1_236' title='bbox 302 1640 347 1677; x_wconf 84' lang='lat' dir='ltr'>de</span> <span class='ocrx_word' id='word_1_237' title='bbox 373 1638 481 1677; x_wconf 79' lang='lat' dir='ltr'>Arist.</span> <span class='ocrx_word' id='word_1_238' title='bbox 508 1638 575 1676; x_wconf 69' lang='lat' dir='ltr'>Av.</span> <span class='ocrx_word' id='word_1_239' title='bbox 604 1643 638 1675; x_wconf 92' lang='lat' dir='ltr'>et</span> <span class='ocrx_word' id='word_1_240' title='bbox 661 1637 781 1675; x_wconf 88' lang='lat' dir='ltr'>Herm.</span> <span class='ocrx_word' id='word_1_241' title='bbox 811 1650 847 1685; x_wconf 88' lang='lat' dir='ltr'>p.</span> <span class='ocrx_word' id='word_1_242' title='bbox 872 1636 956 1683; x_wconf 89' lang='grc'><strong>32.)</strong></span> <span class='ocrx_word' id='word_1_243' title='bbox 983 1651 1050 1675; x_wconf 88' lang='lat' dir='ltr'>uon</span> <span class='ocrx_word' id='word_1_244' title='bbox 1077 1644 1254 1687; x_wconf 50' lang='lat' dir='ltr'>apparet(</span> <span class='ocrx_word' id='word_1_245' title='bbox 1271 1639 1352 1689; x_wconf 88' lang='lat' dir='ltr'>qnia</span> <span class='ocrx_word' id='word_1_246' title='bbox 1375 1640 1480 1679; x_wconf 87' lang='lat' dir='ltr'>Pole-</span> 
     </span>
     <span class='ocr_line' id='line_1_29' title="bbox 201 1689 1476 1739; baseline 0.002 -10"><span class='ocrx_word' id='word_1_247' title='bbox 201 1693 379 1729; x_wconf 83' lang='lat' dir='ltr'>marchum</span> <span class='ocrx_word' id='word_1_248' title='bbox 406 1703 483 1727; x_wconf 86' lang='lat' dir='ltr'>cum</span> <span class='ocrx_word' id='word_1_249' title='bbox 509 1689 620 1739; x_wconf 78' lang='lat' dir='ltr'>Lysia</span> <span class='ocrx_word' id='word_1_250' title='bbox 644 1692 776 1726; x_wconf 82' lang='lat' dir='ltr'>demum</span> <span class='ocrx_word' id='word_1_251' title='bbox 802 1690 985 1728; x_wconf 84' lang='lat' dir='ltr'>revertisse</span> <span class='ocrx_word' id='word_1_252' title='bbox 1010 1691 1107 1727; x_wconf 89' lang='lat' dir='ltr'>nobis</span> <span class='ocrx_word' id='word_1_253' title='bbox 1134 1703 1198 1727; x_wconf 89' lang='lat' dir='ltr'>uon</span> <span class='ocrx_word' id='word_1_254' title='bbox 1226 1693 1383 1729; x_wconf 84' lang='lat' dir='ltr'>traditum</span> <span class='ocrx_word' id='word_1_255' title='bbox 1410 1701 1476 1731; x_wconf 67' lang='lat' dir='ltr'>esta.</span> 
     </span>
     <span class='ocr_line' id='line_1_30' title="bbox 200 1741 1477 1792; baseline 0.002 -12"><span class='ocrx_word' id='word_1_256' title='bbox 200 1743 348 1781; x_wconf 82' lang='lat' dir='ltr'>Etiamsi</span> <span class='ocrx_word' id='word_1_257' title='bbox 390 1755 472 1780; x_wconf 83' lang='lat' dir='ltr'>vero</span> <span class='ocrx_word' id='word_1_258' title='bbox 507 1748 698 1786; x_wconf 84' lang='lat' dir='ltr'>constaret,</span> <span class='ocrx_word' id='word_1_259' title='bbox 740 1741 859 1790; x_wconf 83' lang='lat' dir='ltr'>quales</span> <span class='ocrx_word' id='word_1_260' title='bbox 893 1743 928 1778; x_wconf 90' lang='lat' dir='ltr'>in</span> <span class='ocrx_word' id='word_1_261' title='bbox 965 1742 1206 1790; x_wconf 85' lang='lat' dir='ltr'>rempublicam</span> <span class='ocrx_word' id='word_1_262' title='bbox 1239 1744 1477 1792; x_wconf 82' lang='lat' dir='ltr'>praebuissent</span> 
     </span>
     <span class='ocr_line' id='line_1_31' title="bbox 200 1793 1475 1842; baseline -0.002 -8"><span class='ocrx_word' id='word_1_263' title='bbox 200 1807 314 1834; x_wconf 85' lang='lat' dir='ltr'>mores</span> <span class='ocrx_word' id='word_1_264' title='bbox 335 1796 461 1833; x_wconf 70' lang='lat' dir='ltr'>fratres</span> <span class='ocrx_word' id='word_1_265' title='bbox 487 1793 566 1831; x_wconf 83' lang='lat' dir='ltr'>inde</span> <span class='ocrx_word' id='word_1_266' title='bbox 586 1806 628 1830; x_wconf 86' lang='lat' dir='ltr'>ue</span> <span class='ocrx_word' id='word_1_267' title='bbox 642 1793 833 1840; x_wconf 69' lang='lat' dir='ltr'>colligeres,</span> <span class='ocrx_word' id='word_1_268' title='bbox 860 1806 968 1842; x_wconf 81' lang='lat' dir='ltr'>neque</span> <span class='ocrx_word' id='word_1_269' title='bbox 994 1795 1082 1830; x_wconf 83' lang='lat' dir='ltr'>enim</span> <span class='ocrx_word' id='word_1_270' title='bbox 1109 1794 1200 1830; x_wconf 84' lang='lat' dir='ltr'>aliud</span> <span class='ocrx_word' id='word_1_271' title='bbox 1228 1801 1279 1831; x_wconf 88' lang='lat' dir='ltr'>est</span> <span class='ocrx_word' id='word_1_272' title='bbox 1306 1795 1370 1833; x_wconf 88' lang='lat' dir='ltr'>nisi</span> <span class='ocrx_word' id='word_1_273' title='bbox 1397 1809 1475 1835; x_wconf 87' lang='lat' dir='ltr'>ser.-</span> 
     </span>
     <span class='ocr_line' id='line_1_32' title="bbox 199 1845 1476 1896; baseline 0.001 -11"><span class='ocrx_word' id='word_1_274' title='bbox 199 1859 265 1886; x_wconf 72' lang='lat' dir='ltr'>vus</span> <span class='ocrx_word' id='word_1_275' title='bbox 291 1846 389 1896; x_wconf 83' lang='lat' dir='ltr'>cujus</span> <span class='ocrx_word' id='word_1_276' title='bbox 413 1858 519 1884; x_wconf 88' lang='lat' dir='ltr'>causa</span> <span class='ocrx_word' id='word_1_277' title='bbox 544 1845 786 1883; x_wconf 79' lang='lat' dir='ltr'>Polemarchus</span> <span class='ocrx_word' id='word_1_278' title='bbox 812 1847 857 1882; x_wconf 86' lang='lat' dir='ltr'>ab</span> <span class='ocrx_word' id='word_1_279' title='bbox 883 1845 1056 1883; x_wconf 85' lang='lat' dir='ltr'>Andocide</span> <span class='ocrx_word' id='word_1_280' title='bbox 1081 1854 1369 1886; x_wconf 88' lang='lat' dir='ltr'>commemoratur.</span> <span class='ocrx_word' id='word_1_281' title='bbox 1421 1848 1476 1886; x_wconf 76' lang='lat' dir='ltr'>De</span> 
     </span>
     <span class='ocr_line' id='line_1_33' title="bbox 200 1897 1476 1951; baseline 0 -14"><span class='ocrx_word' id='word_1_282' title='bbox 200 1898 322 1937; x_wconf 77' lang='lat' dir='ltr'>ceteris</span> <span class='ocrx_word' id='word_1_283' title='bbox 346 1898 479 1947; x_wconf 77' lang='lat' dir='ltr'>Lysiae</span> <span class='ocrx_word' id='word_1_284' title='bbox 503 1898 667 1934; x_wconf 82' lang='lat' dir='ltr'>fratribus</span> <span class='ocrx_word' id='word_1_285' title='bbox 693 1897 774 1935; x_wconf 89' lang='lat' dir='ltr'>nibil</span> <span class='ocrx_word' id='word_1_286' title='bbox 801 1902 916 1934; x_wconf 85' lang='lat' dir='ltr'>notum</span> <span class='ocrx_word' id='word_1_287' title='bbox 951 1905 1029 1944; x_wconf 89' lang='lat' dir='ltr'>est,</span> <span class='ocrx_word' id='word_1_288' title='bbox 1064 1898 1127 1935; x_wconf 88' lang='lat' dir='ltr'>uisi</span> <span class='ocrx_word' id='word_1_289' title='bbox 1160 1898 1305 1936; x_wconf 87' lang='lat' dir='ltr'>alterum</span> <span class='ocrx_word' id='word_1_290' title='bbox 1341 1912 1476 1951; x_wconf 81' lang='lat' dir='ltr'>quoquo</span> 
     </span>
     <span class='ocr_line' id='line_1_34' title="bbox 199 1948 1398 2001; baseline 0 -11"><span class='ocrx_word' id='word_1_291' title='bbox 199 1950 355 1992; x_wconf 74' lang='lat' dir='ltr'>Thurios</span> <span class='ocrx_word' id='word_1_292' title='bbox 380 1962 459 1989; x_wconf 82' lang='lat' dir='ltr'>esse</span> <span class='ocrx_word' id='word_1_293' title='bbox 482 1950 689 2001; x_wconf 79' lang='lat' dir='ltr'>profectu1n3</span> <span class='ocrx_word' id='word_1_294' title='bbox 718 1950 779 1989; x_wconf 85' lang='lat' dir='ltr'>sed</span> <span class='ocrx_word' id='word_1_295' title='bbox 807 1962 851 1987; x_wconf 83' lang='lat' dir='ltr'>ue</span> <span class='ocrx_word' id='word_1_296' title='bbox 876 1954 949 1987; x_wconf 83' lang='lat' dir='ltr'>uter</span> <span class='ocrx_word' id='word_1_297' title='bbox 973 1949 1106 2000; x_wconf 85' lang='lat' dir='ltr'>quidem</span> <span class='ocrx_word' id='word_1_298' title='bbox 1132 1948 1233 1988; x_wconf 80' lang='lat' dir='ltr'>fuerit</span> <span class='ocrx_word' id='word_1_299' title='bbox 1257 1950 1398 1993; x_wconf 87' lang='lat' dir='ltr'>scimus.</span> 
     </span>
    </p>
   </div>
   <div class='ocr_carea' id='block_1_5' title="bbox 766 2050 892 2103">
    <p class='ocr_par' dir='ltr' id='par_1_5' title="bbox 766 2050 892 2103">
     <span class='ocr_line' id='line_1_35' title="bbox 766 2050 892 2103; baseline -0.008 -12"><span class='ocrx_word' id='word_1_300' title='bbox 766 2050 802 2103; x_wconf 82' lang='lat'>§-</span> <span class='ocrx_word' id='word_1_301' title='bbox 852 2050 892 2091; x_wconf 88' lang='lat'>2.</span> 
     </span>
    </p>
   </div>
   <div class='ocr_carea' id='block_1_6' title="bbox 225 2117 1475 2175">
    <p class='ocr_par' dir='ltr' id='par_1_6' title="bbox 225 2117 1475 2175">
     <span class='ocr_line' id='line_1_36' title="bbox 225 2117 1475 2175; baseline 0 -12"><span class='ocrx_word' id='word_1_302' title='bbox 225 2132 229 2137; x_wconf 90' lang='grc'><em>“</em></span> <span class='ocrx_word' id='word_1_303' title='bbox 299 2123 430 2175; x_wconf 77' lang='lat' dir='ltr'>Lysias</span> <span class='ocrx_word' id='word_1_304' title='bbox 463 2129 567 2163; x_wconf 82' lang='lat' dir='ltr'>natus</span> <span class='ocrx_word' id='word_1_305' title='bbox 591 2130 644 2163; x_wconf 83' lang='lat' dir='ltr'>est</span> <span class='ocrx_word' id='word_1_306' title='bbox 670 2125 814 2163; x_wconf 84' lang='lat' dir='ltr'>Athenis</span> <span class='ocrx_word' id='word_1_307' title='bbox 827 2123 863 2174; x_wconf 78' lang='lat'>⁴)</span> <span class='ocrx_word' id='word_1_308' title='bbox 889 2130 923 2163; x_wconf 87' lang='lat' dir='ltr'>et</span> <span class='ocrx_word' id='word_1_309' title='bbox 946 2117 1161 2166; x_wconf 69' lang='lat' dir='ltr'>&#39;Atheniensis</span> <span class='ocrx_word' id='word_1_310' title='bbox 1193 2123 1310 2165; x_wconf 73' lang='lat' dir='ltr'>vocari</span> <span class='ocrx_word' id='word_1_311' title='bbox 1339 2136 1475 2164; x_wconf 76' lang='lat' dir='ltr'>summo</span> 
     </span>
    </p>
   </div>
   <div class='ocr_carea' id='block_1_7' title="bbox 201 2199 444 2212">
    <p class='ocr_par' dir='ltr' id='par_1_7' title="bbox 201 2199 444 2212">
     <span class='ocr_line' id='line_1_37' title="bbox 201 2199 444 2212; baseline 0 666"><span class='ocrx_word' id='word_1_312' title='bbox 201 2199 444 2212; x_wconf 95' lang='lat' dir='ltr'> </span> 
     </span>
    </p>
   </div>
   <div class='ocr_carea' id='block_1_8' title="bbox 241 2245 1473 2457">
    <p class='ocr_par' dir='ltr' id='par_1_8' title="bbox 241 2245 1473 2457">
     <span class='ocr_line' id='line_1_38' title="bbox 241 2245 862 2308; baseline 0.002 -28"><span class='ocrx_word' id='word_1_313' title='bbox 241 2250 275 2308; x_wconf 53' lang='grc' dir='ltr'>ζ)</span> <span class='ocrx_word' id='word_1_314' title='bbox 297 2245 343 2281; x_wconf 72' lang='lat' dir='ltr'>cf.</span> <span class='ocrx_word' id='word_1_315' title='bbox 368 2246 517 2281; x_wconf 73' lang='lat' dir='ltr'>Boeclxh.</span> <span class='ocrx_word' id='word_1_316' title='bbox 538 2247 622 2283; x_wconf 74' lang='lat' dir='ltr'>occ.</span> <span class='ocrx_word' id='word_1_317' title='bbox 643 2250 709 2283; x_wconf 82' lang='lat' dir='ltr'>civ.</span> <span class='ocrx_word' id='word_1_318' title='bbox 733 2250 763 2290; x_wconf 88' lang='lat'>1,</span> <span class='ocrx_word' id='word_1_319' title='bbox 786 2247 862 2282; x_wconf 82' lang='lat'><strong>155.</strong></span> 
     </span>
     <span class='ocr_line' id='line_1_39' title="bbox 243 2289 1027 2377; baseline 0.005 -13"><span class='ocrx_word' id='word_1_320' title='bbox 243 2293 276 2371; x_wconf 64' lang='lat'>23</span> <span class='ocrx_word' id='word_1_321' title='bbox 294 2289 523 2377; x_wconf 51' lang='lat' dir='ltr'>gaiffifffss.</span> <span class='ocrx_word' id='word_1_322' title='bbox 537 2301 648 2366; x_wconf 58' lang='lat'>“31:211</span> <span class='ocrx_word' id='word_1_323' title='bbox 666 2291 1027 2375; x_wconf 40' lang='lat' dir='ltr'>&amp;ffvff&#39;wiffimffe</span> 
     </span>
     <span class='ocr_line' id='line_1_40' title="bbox 245 2372 1473 2457; baseline 0.001 -51"><span class='ocrx_word' id='word_1_324' title='bbox 245 2373 597 2457; x_wconf 37' lang='grc' dir='ltr'>Όὸξὶυξαᾳνὲὲᾏιξγιε</span> <span class='ocrx_word' id='word_1_325' title='bbox 629 2375 796 2419; x_wconf 66' lang='grc' dir='ltr'><strong><em>γενόμενος</em></strong></span> <span class='ocrx_word' id='word_1_326' title='bbox 812 2372 1011 2420; x_wconf 64' lang='grc' dir='ltr'>Ἀθῆνῃσινς</span> <span class='ocrx_word' id='word_1_327' title='bbox 1041 2373 1135 2408; x_wconf 84' lang='lat' dir='ltr'>Suid.</span> <span class='ocrx_word' id='word_1_328' title='bbox 1160 2386 1189 2407; x_wconf 80' lang='lat' dir='ltr'>v.</span> <span class='ocrx_word' id='word_1_329' title='bbox 1214 2376 1338 2413; x_wconf 69' lang='grc' dir='ltr'><strong><em>Λυσίας</em></strong></span> <span class='ocrx_word' id='word_1_330' title='bbox 1358 2376 1473 2415; x_wconf 59' lang='grc' dir='ltr'>ἐτέχθη</span> 
     </span>
    </p>
   </div>
   <div class='ocr_carea' id='block_1_9' title="bbox 1557 0 1708 2878">
    <p class='ocr_par' dir='ltr' id='par_1_9' title="bbox 1557 0 1708 2878">
     <span class='ocr_line' id='line_1_41' title="bbox 1557 0 1708 2878; baseline 0 1"><span class='ocrx_word' id='word_1_331' title='bbox 1557 0 1708 2878; x_wconf 95' lang='lat' dir='ltr'> </span> 
     </span>
    </p>
   </div>
  </div>
 </body>
</html>
