1708 2878
1309 120 1400 171 115

130 227 165 265 in
188 226 365 268 Piraeeum
399 231 630 280 convenirent,
659 231 779 281 opibus
816 230 890 270 suis
914 229 1043 270 coactis
1068 229 1219 279 Oropum
1246 229 1394 282 (Oropus

129 278 191 316 illo
217 287 362 332 tempore
374 283 631 322 Atheniensibus
658 297 720 320 uon
748 290 821 321 erat
846 284 998 332 subjecta
1023 283 1081 332 (cf.
1097 283 1282 322 Hermann.
1309 290 1393 323 autt.

129 330 256 384 Gr.§.
284 334 391 378 117.)
417 348 456 372 se
482 336 617 372 contulit
641 335 754 384 ibique
779 334 963 382 inquilinus
991 348 1097 384 neque
1122 334 1258 372 exutum
1286 347 1394 385 neque
1419 381 1423 384 ¹

127 368 395 423 adversariorum
423 393 536 434 partes
563 386 715 434 quamvis
739 385 872 423 validus
898 393 1033 423 secutus
1059 391 1110 423 est
1136 399 1244 436 neque
1269 387 1395 425 alteros

126 437 231 474 armis
263 438 456 485 pecuniisve
490 438 629 485 adjuvit,
664 437 724 472 sed
750 448 852 482 agros
877 440 1073 484 pervagans
1103 438 1232 475 civibus
1262 451 1393 503 paupe-

125 487 220 524 rihus
244 488 467 538 invalidisque
492 488 605 525 omnia
632 487 819 537 quaeipsis
840 494 935 525 eraut
948 487 1176 538 spol1abat(§
1191 489 1277 528 8—
1294 490 1369 530 19.
1358 504 1389 539 );

122 538 162 576 itt
195 541 327 590 privata
361 554 492 591 quoque
528 542 702 589 improbus
728 545 799 593 erat
823 539 905 587 vita,
932 540 981 577 ita
1008 546 1043 577 ut
1076 546 1180 577 mater
1206 543 1330 581 nullam
1356 543 1388 582 ei

121 591 220 629 fidem
246 593 373 630 habens
393 595 481 641 apud
508 593 731 643 Antiphanem
764 570 928 643 quendain
963 594 1141 641 deponeret
1174 597 1241 631 tres
1275 595 1387 634 minas

124 643 195 691 (cf.
231 644 379 682 Boeckh.
415 645 459 684 Ο.
493 658 523 683 c.
561 644 595 684 Ι.
630 644 719 682 126.
732 643 759 692 ),
794 650 830 681 ut
853 644 966 697 ipsam
1001 644 1223 693 sepeliendam
1256 654 1394 684 curaret¹

122 694 176 743 (ξ.
208 694 322 733 20—-
338 696 432 744 23..)
488 696 645 733 Attamen
680 696 778 732 Philo
812 708 878 732 nou
922 692 1031 732 solum
1068 696 1216 734 Athenas
1249 698 1386 745 reverti,

122 748 181 782 sed
214 754 348 784 senator
383 753 475 783 sorte
501 747 626 783 electus
662 759 802 783 examen
841 746 1004 783 sustinere
1030 759 1135 783 ausus
1160 752 1213 783 est
1238 747 1287 797 (5.
1312 747 1384 796 2..)

120 797 233 842 Quam
260 801 311 836 ob·
337 811 408 835 rem
443 811 465 834 a
502 804 658 834 senatore
692 799 835 846 quodam
861 798 894 834 iu
921 798 1076 835 examine
1100 798 1176 846 ipso
1202 797 1236 833 in
1263 801 1384 836 senatu

120 850 311 886 accusatur.
366 851 468 884 Actor
492 849 595 895 igitur
630 856 807 897 postquam
834 862 872 886 se
898 862 964 885 uon
992 850 1103 886 odium
1130 849 1296 898 privatum
1323 862 1385 887 sa-

119 899 290 947 tiaturum,
317 902 375 936 sed
404 908 439 937 ut
461 901 673 950 jurijurando
709 902 875 938 senatorio
912 903 1116 951 obsequatur
1142 901 1306 950 prodiisse
1331 908 1386 940 est

119 952 292 999 professus
318 953 535 1001 collegasque
560 954 755 990 adhortatus
792 960 827 990 ut
859 952 889 990 si
924 953 1002 1002 quid
1036 949 1199 991 scelerum
1234 953 1386 993 Philonis

119 1005 193 1052 ipse
231 1004 508 1052 punctermisisset
547 1005 724 1053 explerent
765 1004 824 1054 (5.
861 1003 939 1051 5.),
982 1005 1180 1042 seutentiam
1220 1007 1380 1053 enuntiat,

119 1068 234 1093 omues
273 1056 329 1104 qui
356 1056 401 1092 ibi
426 1056 570 1104 patriam
597 1061 673 1093 es'se
699 1055 755 1092 ubi
793 1058 877 1092 bene
903 1055 968 1093 sibi
990 1056 1037 1093 ‘sit
1062 1058 1260 1094 contendant
1283 1070 1382 1095 suum

119 1110 326 1143 commodum
357 1108 486 1155 patriae
506 1108 688 1156 ,praeferre
716 1108 784 1153 (—
811 1109 846 1153 §.
872 1106 910 1144 7.
939 1106 984 1144 cf.
1015 1107 1145 1145 Muret.
1171 1120 1264 1145 verr.
1288 1108 1380 1146 lectt.

117 1158 162 1203 11,
190 1160 268 1205 3.);
298 1170 341 1194 ex
370 1160 460 1194 hisce
485 1169 562 1194 esse
587 1158 774 1201 Philonem,
802 1156 858 1204 qui
885 1158 1051 1204 quomodo
1075 1159 1160 1193 hauc
1186 1159 1383 1195 sententiam

117 1214 186 1246 tota
231 1211 298 1246 vita
346 1216 379 1246 et
418 1209 551 1257 privata
593 1216 626 1244 et
674 1208 810 1256 publica
849 1208 1041 1256 probaverit
1085 1208 1201 1245 deiude
1246 1210 1384 1259 exponit

117 1262 170 1309 (§.
196 1261 395 1309 8—23.).
456 1262 658 1307 „Fortasse‚
697 1260 808 1309 pergit
842 1267 966 1306 orator,
1000 1261 1044 1298 ad
1079 1274 1120 1297 ea
1146 1273 1233 1310 quae
1258 1261 1291 1298 in
1319 1275 1385 1311 po-

115 1319 237 1349 sterum
273 1319 407 1349 acturus
441 1312 483 1349 sit
515 1312 724 1360 provocabit,
756 1313 815 1347 sed
857 1312 1088 1348 beneficiorum
1115 1313 1384 1362 praeteritorum,

116 1377 182 1400 non
210 1366 391 1400 futurorum
418 1364 529 1410 gratia
554 1372 605 1400 est
633 1364 822 1410 reddenda3
859 1362 924 1399 iste
952 1363 981 1399 si
1015 1369 1196 1410 crearetur,
1222 1363 1275 1402 vel
1304 1365 1384 1401 boui

115 1415 207 1452 cives
243 1416 364 1453 civitati
401 1415 513 1452 officia
553 1428 690 1453 servare
717 1415 928 1453 desisterent.
982 1415 1181 1465 Quicunque
1206 1416 1383 1454 stationem

113 1468 167 1504 vel
198 1480 314 1505 navem
343 1468 395 1504 vel
423 1476 583 1512 castrum,
622 1467 677 1502 ubi
704 1467 795 1504 cives
826 1472 915 1512 sunt,
943 1467 1098 1514 prodidit,
1128 1476 1235 1504 morte
1261 1475 1294 1504 et
1321 1471 1385 1505 bo-

115 1532 233 1555 norum
271 1518 497 1567 publicatione
531 1525 563 1555 et
591 1519 764 1567 sepultura
801 1518 837 1554 in
862 1518 968 1567 patria
1006 1525 1129 1567 negata
1153 1519 1292 1567 punitur
1317 1520 1380 1565 (cf.

112 1570 235 1607 Meier.
261 1573 302 1607 de
329 1573 404 1608 bon.
431 1572 540 1609 damn.
578 1584 613 1617 p.
650 1571 751 1618 ll.);
791 1582 889 1618 quam
917 1573 960 1607 ob
988 1583 1055 1606 rem
1089 1570 1188 1606 Philo
1209 1570 1381 1608 minimum

112 1621 146 1657 in
174 1622 366 1658 servitutem
402 1622 509 1668 redigi
542 1626 699 1659 meretur.
759 1620 935 1669 Ejusmodi
969 1621 1087 1657 sceleri
1123 1622 1212 1670 quod
1230 1634 1274 1658 ex
1301 1620 1381 1670 lege

114 1686 179 1708 non
205 1685 314 1721 poena
351 1673 508 1721 imposita
545 1673 589 1710 sit
623 1685 663 1709 ue
699 1674 876 1719 obtendat;
910 1671 977 1708 tale
1004 1673 1091 1709 enim
1120 1672 1252 1709 facinus
1279 1686 1382 1731 posse

113 1725 272 1761 committi
298 1733 406 1761 mente
431 1725 580 1773 prospici
606 1724 773 1773 nequivit3
801 1724 975 1761 levissima
1000 1737 1110 1773 poena
1129 1724 1216 1761 soret
1239 1720 1383 1773 ἀτιμία

113 1774 179 1825 (—
206 1776 239 1826 5.
268 1775 363 1825 29..)
412 1776 486 1813 Nec
510 1777 582 1813 fieri
604 1782 718 1824 potest
746 1785 781 1812 ut
807 1776 863 1825 qui
895 1778 1010 1812 urbem
1032 1776 1126 1812 nihili
1140 1777 1291 1814 habuerit
1320 1779 1382 1813 ho-

114 1840 193 1864 uum
219 1829 398 1876 quidquam
425 1828 551 1864 civitati
577 1829 717 1865 suadeat
743 1828 811 1875 (—
839 1828 873 1877 5.
900 1827 994 1871 32.).
1029 1828 1074 1867 Χ1ἰ
1103 1840 1183 1864 vero
1209 1829 1264 1876 qui
1292 1840 1378 1864 nnnc

112 1891 174 1928 pro
200 1891 240 1915 eo
265 1879 514 1927 supplicabunt,
542 1880 637 1927 prius
665 1891 738 1915 eum
776 1884 811 1915 ut
835 1878 1041 1927 reipublicae
1072 1880 1247 1928 prodesset
1273 1891 1378 1926 roga-

112 1937 186 1968 rent
210 1931 377 1998 qportuit;
412 1942 450 1966 se
484 1931 559 1978 ipse
591 1931 679 1967 enim
707 1931 834 1967 honore
860 1943 957 1979 quem
985 1943 1072 1967 nunc
1096 1930 1275 1974 desiderat,
1302 1929 1376 1978 pri·-

112 1983 245 2020 vavit”.
271 2001 321 2009 -
346 1980 442 2018 Actio
468 1993 535 2030 qua
560 1981 734 2018 Philonem
762 1982 907 2031 aggredi
932 1981 1040 2031 potuit
1066 1987 1181 2018 orator
1207 1981 1378 2018 simillima

112 2043 164 2073 est
191 2034 221 2072 ei
247 2047 314 2084 qua
339 2034 538 2070 Leocratem
565 2041 760 2093 persecutus
787 2040 839 2071 est
864 2033 1068 2091 Lycurgum
1092 2033 1190 2070 Philo
1204 2046 1310 2082 aeque
1333 2046 1377 2070 ec

111 2088 295 2124 Leocrates
319 2085 492 2135 γραφαῖς
506 2082 771 2130 λειποταξίου,
799 2081 1029 2134 προδοσίας,
1056 2061 1186 2131 δήμου
1203 2079 1376 2121 καταλύ-

114 2148 221 2185 σεως,
248 2137 394 2187 γονέων
426 2132 629 2179 κακώσεως
664 2136 698 2171 in
721 2136 883 2184 judicium
914 2135 1019 2184 potuit
1043 2135 1178 2182 vocari3
1205 2148 1280 2172 cum
1306 2136 1375 2185 igi-

112 2196 166 2227 tur
190 2191 372 2248 singularis
398 2190 456 2227 lex
479 2190 519 2225 de
546 2189 700 2225 omuibus
729 2188 781 2224 his
800 2187 1003 2224 facinoribus
1029 2200 1094 2224 nou
1122 2194 1267 2235 extaret,
1296 2201 1375 2226 reus

112 2254 174 2290 per
198 2236 449 2291 εισαγγελίαν
479 2246 552 2276 erat
584 2239 795 2276 accusandus
828 2238 881 2287 (ς.
916 2237 1011 2287 27.).
1064 2237 1148 2275 Solo
1174 2251 1233 2277 eos
1259 2241 1315 2288 qui
1341 2240 1376 2276 in

113 2291 330 2331 seditionibus
357 2293 547 2332 alterutrius
573 2291 680 2341 partis
715 2303 778 2327 non
804 2294 930 2338 essent,
966 2289 1153 2339 ignominia
1179 2298 1376 2340 notaverat3

114 2347 172 2381 sed
200 2345 278 2393 quia
312 2341 559 2395 ἂμνηστείαν
583 2343 761 2382 verisimile
786 2347 842 2380 est
865 2355 931 2379 nou
963 2342 1074 2379 solum
1104 2343 1189 2380 iuter
1215 2343 1308 2381 cives
1335 2342 1378 2381 ἐκ

112 2394 315 2446 Πειραιῶς
349 2411 393 2435 ex
428 2398 535 2435 altera
563 2401 657 2446 parte
691 2403 791 2445 atque
823 2394 915 2434 cives
950 2391 993 2441 ἐξ
1025 2390 1166 2439 ἄστεος
1201 2408 1244 2433 ex
1271 2395 1380 2434 alteru

1084 2466 1111 2506 8
1131 2466 1148 2486 t
