1708 2878
1303 113 1396 162 118

128 214 426 271 Νικομαχίδηςς
468 218 672 271 primitivum
710 219 798 271 euim
831 224 865 259 et
902 218 1172 272 patronymicum
1207 231 1327 261 nomen
1357 225 1392 264 iu

129 273 245 311 adem
260 276 262 279 ’
278 286 421 323 persona
461 274 599 324 saepius
634 272 785 311 obtinent
822 273 894 319 (of.
926 274 1122 313 Hemsterh.
1167 276 1212 312 ad
1246 276 1395 317 Lucian.

130 322 236 364 'sitm'
251 323 284 374 §;
309 323 382 364 44.
403 337 436 362 n.
463 324 525 363 31.
553 330 585 361 et
610 337 694 372 quos
720 324 800 361 citat
825 325 1081 364 Schoemauuus
1099 328 1142 364 ad
1169 327 1216 365 Is.
1227 320 1281 376 Np
1301 325 1392 375 344,

131 375 188 425 qni
221 385 310 414 reete
352 374 540 415 Foertscbii
575 375 864 423 explanationem,
905 378 1067 426 exemplis
1110 379 1277 418 similibus
1324 393 1393 418 uon

129 430 320 477 probatam,
352 428 513 475 respuit).
538 447 590 459 --
616 427 820 479 Nicomacho
846 434 923 475 post
960 430 1120 476 expulsos
1147 433 1394 481 Quadringen-

129 485 183 517 tos
206 490 331 517 munus
355 478 492 517 Solonis
517 477 612 526 leges
633 478 897 527 recognoscendi
931 476 1210 531 (ἀναγράφειν)
1234 486 1395 522 traditum

130 538 203 569 erut
244 544 287 569 ea
321 530 511 569 condicione
538 536 575 567 ut
600 530 950 580 quattuorlmensibus
975 544 1045 568 rem
1079 535 1300 584 persolveret3
1329 537 1392 574 sed

66 591 68 596 '
128 582 193 620 iste
233 594 294 633 pm
324 574 386 622 1V1
409 583 580 620 mensibus
614 594 675 631 per
699 594 763 620 sex
786 594 898 622 anuos
923 596 1044 620 munus
1077 585 1215 622 obtinuit
1238 586 1290 636 (ξ.
1318 588 1390 634 2.).

130 634 218 671 Cum
241 639 351 672 antem
377 635 530 672 videatur
554 646 660 683 usqne
684 636 727 672 ad
751 633 902 672 Athenas
926 647 948 671 a
972 635 1152 684 Lysandro
1179 637 1235 677 Ol.
1263 638 1326 684 93,
1353 637 1392 679 4.

131 686 243 733 (vere
278 699 311 723 a.
342 684 452 735 404.)
486 691 604 735 captas
638 687 703 723 boc
735 685 935 733 magistratu
969 687 1102 724 functus
1127 700 1204 727 esse
1233 690 1292 739 ,(§.
1323 691 1393 737 3.)‚

131 739 251 785 paucis
284 739 455 775 mensibus
488 744 566 786 post
600 737 876 784 Quadringentos
906 737 1031 786 ejectos
1064 738 1098 775 id
1131 741 1271 789 aceepit,
1305 744 1395 790 qnod

131 789 371 827 scelestissime
415 790 458 825 ad
504 788 676 825 arbitrium
709 800 859 837 suaeque
899 788 1007 826 solnm
1044 790 1205 828 avaritiae
1246 794 1397 830 serviens

131 840 377 877 administravit
410 839 475 889 (ᾗ.
512 839 563 877 10
586 852 662 889 sqq.
701 840 743 876 cf.
781 840 937 877 Schoem.
975 841 1075 877 Proc.
1109 841 1195 879 660.
1212 844 1240 891 )‚
1279 844 1326 881 ita
1358 850 1397 881 nt

132 893 351 939 magistratus
370 904 513 940 poenam
546 892 590 928 ad
625 904 665 928 eo
699 898 888 940 repeterent
929 892 990 941 (§.
1017 893 1096 942 3.).
1122 896 1276 931 Attamen
1319 906 1396 933 cum

131 943 298 980 XXXviri
345 943 518 992 imperium
559 951 783 991 usurpassent
818 944 850 979 in
886 944 1024 981 exilium
1058 945 1185 993 ejectus
1221 947 1273 995 (ξ.
1302 947 1397 994 15.),

131 994 201 1032 illis
235 995 386 1044 expulsis
419 995 514 1031 rediit
549 995 601 1044 (ξ.
630 995 721 1040 16.).
782 994 952 1031 Libertate
988 1005 1187 1043 recuperata
1206 998 1399 1036 „Tisame-

132 1059 197 1084 nus
223 1049 282 1094 (de
308 1060 374 1097 qno
409 1047 450 1086 cf.
487 1047 655 1096 Droysen.
683 1048 725 1083 ad
753 1046 857 1084 Arist.
896 1047 1045 1084 Acbarn.
1068 1047 1178 1098 603.)
1203 1049 1322 1097 suasit,
1360 1056 1397 1088 ut

132 1100 286 1148 antiquae
327 1099 465 1137 Solonis
502 1100 598 1147 leges
639 1106 890 1135 recenserentur
930 1105 1031 1147 atque
1063 1101 1187 1148 populo
1234 1104 1396 1150 probatae

132 1152 411 1200 confirmataeque
437 1153 500 1187 sub
529 1151 633 1186 tutela
647 1151 928 1197 Areopagitarum
951 1157 1076 1188 essent.
1102 1152 1309 1192 Electiaunt
1333 1167 1398 1190 noa

58 1221 62 1225 ·
131 1206 310 1250 mntbetae,
336 1204 458 1252 quibus
473 1207 508 1238 ut
524 1202 620 1248 leges
641 1202 888 1237 conscriberent
903 1214 967 1237 uuo
987 1214 1111 1248 mense,
1138 1209 1190 1240 est
1205 1206 1400 1243 mandatum

132 1256 195 1301 (cf.
211 1257 299 1291 And.
326 1257 366 1290 de
392 1259 493 1302 myst.
519 1256 552 1300 ς.
567 1253 630 1290 83.
649 1254 806 1291 Scbocm.
826 1254 866 1290 de
890 1266 974 1289 com.
997 1268 1031 1301 p.
1057 1254 1180 1303 270.).
1209 1255 1266 1292 Ex
1284 1269 1401 1294 eornm

132 1319 281 1346 numero,
298 1306 427 1341 videtur
448 1305 673 1341 Nicomachus
699 1305 823 1348 suisse;
851 1317 955 1353 qnare
974 1306 1018 1340 ab
1045 1313 1176 1342 oratore
1197 1319 1261 1343 non
1290 1308 1401 1345 solum

131 1359 227 1396 sicuti
242 1358 449 1396 Tisamenus
476 1355 703 1407 νομοθέτης
729 1355 882 1406 (§.28.)
911 1362 1058 1402 vocatur,
1074 1359 1134 1395 sed
1149 1357 1247 1395 etiam
1275 1358 1325 1409 (ᾧ.
1343 1361 1399 1407 3.)

130 1412 164 1446 id
191 1413 279 1459 quod
306 1412 498 1446 mandatum
528 1419 599 1446 erat
625 1410 713 1445 intra
740 1410 879 1456 triginta
905 1410 977 1446 dies
1006 1410 1165 1457 perficere
1188 1412 1306 1459 jussus
1322 1425 1400 1449 esse

130 1462 264 1501 dicitnr.
316 1462 539 1502 Nomotbetae
565 1470 686 1496 munus
712 1460 824 1507 legum
857 1463 1204 1508 recognoscendarum
1236 1463 1402 1510 dispartiti

130 1521 246 1562 erant3
281 1513 508 1551 Nicomachus
543 1512 574 1549 id
610 1512 781 1560 accepisse
806 1511 948 1560 videtur,
987 1518 1023 1549 ut
1048 1525 1089 1550 ea
1114 1526 1204 1562 quae
1226 1515 1270 1551 ad
1296 1528 1400 1553 sacra

129 1573 321 1615 spectarent
347 1572 526 1603 renovaret
551 1564 602 1614 (§.
630 1566 723 1613 17.).
760 1565 835 1601 Hoc
862 1577 992 1613 qnoque
1018 1578 1139 1603 munus
1165 1578 1299 1603 summa
1319 1580 1398 1604 cnm

130 1618 260 1655 licentia
286 1619 415 1666 gessit3
444 1629 549 1665 neque
585 1617 694 1653 solum
730 1623 861 1653 sumtus
886 1617 1052 1654 maximos
1078 1617 1112 1653 in
1139 1629 1237 1654 sacra
1262 1617 1334 1655 fieri
1361 1619 1398 1655 iu

130 1682 262 1708 summa
296 1671 454 1717 pecuniae
490 1669 631 1717 penuria
659 1669 762 1718 jussit
795 1669 855 1714 (cf.
877 1668 1028 1706 Boeckh.
1057 1668 1099 1707 Ο.
1126 1681 1154 1707 c.
1182 1669 1209 1715 l,
1236 1669 1327 1708 227.
1352 1671 1398 1719 ΙΙ,

129 1722 219 1761 132.
256 1721 342 1758 127.
372 1721 511 1758 Morell.
545 1722 587 1757 ad
624 1722 729 1758 Arist.
760 1720 898 1768 Leptin.
933 1734 968 1769 p.
1007 1721 1095 1758 173.
1124 1722 1179 1760 ed.
1207 1721 1399 1768 Grauert.)‚

129 1775 189 1812 sed
223 1774 343 1810 iterum
377 1773 613 1821 magistratum
647 1785 709 1810 sno
748 1772 883 1808 arbitrio
920 1773 953 1809 in
990 1771 1038 1809 lv
1069 1785 1177 1809 annos
1201 1775 1401 1822 prorogavit

128 1825 181 1877 (§.
209 1823 285 1873 4.);
319 1837 424 1874 neque
459 1837 606 1873 unquam
640 1825 714 1875 ejus
753 1824 918 1861 rationem
953 1826 1088 1874 reddere
1113 1824 1218 1862 voluit
1244 1824 1296 1874 (ξ.
1322 1825 1397 1873 5.).

128 1880 284 1916 Tandem
302 1879 346 1914 ab
363 1890 415 1921 eo,
436 1878 488 1913 cui
510 1879 640 1925 Lysias
658 1877 841 1914 orationem
860 1876 1069 1924 conscripsit,
1087 1878 1125 1921 iq
1135 1878 1193 1924 jus
1220 1884 1271 1913 est
1292 1890 1397 1914 voca-

129 1936 205 1977 tns3
230 1930 341 1977 itaque
369 1935 484 1964 nostra
512 1929 618 1965 oratio
645 1929 760 1964 h‘abita
786 1936 838 1964 est
865 1928 921 1964 01.
946 1927 1009 1974 95,
1035 1928 1073 1965 2.
1098 1928 1208 1964 Aliam
1236 1928 1395 1964 rationem

127 1981 298 2028 Bremins,
324 1992 465 2029 quocum
494 1980 563 2017 fere
589 1980 764 2017 concinunt
789 1980 1013 2017 Markiandns
1049 1986 1081 2017 ct
1113 1982 1281 2027 Augei-us,
1309 1980 1394 2025 iniit,

0 2039 12 2079 ζ
74 2062 78 2066 .
127 2047 171 2070 ex
204 2046 271 2082 qua
313 2032 453 2081 conjecit
495 2032 677 2068 orationem
705 2033 851 2069 habitam
886 2044 963 2068 esse
991 2031 1047 2068 ΟΙ.
1074 2029 1136 2069 94.
1166 2039 1243 2078 post
1269 2033 1394 2079 ejectos

124 2082 229 2122 XXX
254 2084 344 2123 viros
369 2090 467 2133 atque
494 2083 625 2132 quidem
659 2096 771 2120 annuo
808 2082 978 2119 minimum
1005 2082 1115 2130 spatio
1141 2083 1394 2132 praeterlaps03

126 2139 232 2187 quid?
267 2138 355 2188 quod
386 2137 553 2175 Frauzins
591 2137 668 2184 (do
697 2137 783 2184 Lys.
822 2150 858 2184 p.
886 2134 944 2178 8.)
970 2147 1041 2170 eam
1070 2133 1127 2173 Ol.
1154 2131 1216 2178 94,
1246 2135 1281 2174 l.
1309 2149 1392 2174 conq

126 2191 287 2238 scriptam
310 2203 386 2227 esse
413 2188 589 2226 contendit.
640 2188 801 2223 Reiskins
828 2200 849 2222 a
876 2186 1013 2221 veritate
1040 2199 1104 2222 nou
1129 2193 1303 2234 tantopere
1330 2190 1393 2225 ab-

125 2241 249 2278 horret.
301 2243 370 2281 Sed
396 2242 568 2286 rationem,
596 2250 661 2287 qua
687 2238 841 2275 Bromius
878 2237 1086 2285 comparavit
1113 2250 1199 2286 quae
1226 2238 1261 2287 ς’.
1287 2239 1324 2276 2.
1352 2241 1395 2276 de

123 2304 187 2327 sex
214 2300 247 2328 et
273 2292 307 2340 ξ.
334 2292 372 2331 4,
402 2297 443 2330 de
471 2298 627 2342 quattuor
654 2291 752 2327 aunis
773 2302 833 2338 per
853 2302 939 2336 qnos
963 2289 1195 2337 magistratum
1209 2290 1397 2329 obtinuisse

121 2342 222 2379 fertur
246 2354 336 2390 reus,
364 2346 522 2394 legimus,
552 2356 591 2381 ne
618 2343 658 2379 de
686 2340 943 2379 Wacbsmutbio
964 2340 1084 2388 dicam,
1112 2341 1168 2390 qui
1201 2341 1301 2389 (antt.
1330 2342 1395 2381 Gr.

120 2394 153 2441 I,
175 2394 215 2442 2,
246 2394 357 2446 269.)
390 2399 479 2436 bauo
504 2395 722 2434 differentiam
760 2406 901 2444 prorsus
935 2394 1172 2442 praetermisit,
1207 2394 1393 2435 lucutentet

1130 2463 1158 2501 8
