1708 2878
239 126 300 169 92

1536 1256 1574 1271 ἱ

1473 236 1513 299 19,
1464 343 1515 487 ’Υπὲρ
1478 517 1518 613 τῶν
1461 640 1524 1060 Ἀριστοφάνους
1460 1088 1514 1365 χρημάτων
1454 1390 1510 1516 πρὸς
1468 1541 1509 1594 τὸ
1454 1623 1508 1889 δημόσιον.

1385 235 1435 341 Hujus
1398 375 1438 536 orationis
1387 574 1436 775 expositioni
1384 818 1434 998 praemitto
1395 1026 1427 1170 stemma
1383 1196 1420 1421 personarum
1377 1448 1416 1536 qnae
1389 1561 1427 1595 in
1388 1623 1415 1664 ea
1384 1690 1418 1890 occurrunt:

1320 1068 1363 1234 Euripides

1247 1056 1321 1232 Xeniipbon
1256 1254 1288 1318 dux
1247 1338 1285 1386 (§.
1247 1409 1286 1479 14.)

1182 370 1225 579 Nicophemus
1206 750 1212 764 ⁵
1187 846 1220 888 N.
1184 1104 1248 1169 filia
1135 1536 1215 1890 Critotleinnsq'Aiwnae·

1156 893 1169 929 -
1146 965 1165 1095 Nl*-
1126 1675 1155 1711 m]
1135 1746 1154 1778 ἐν

1090 770 1131 1891 ww

1071 244 1101 329 ⁴*ilius
1059 351 1099 395 1.;
1059 426 1099 744 Aristophanes.
1064 789 1096 882 filia
1054 904 1093 956 3.3
1062 1020 1091 1083 iilia
1056 1106 1091 1155 2.3
1063 1220 1093 1283 filia
1054 1306 1092 1351 l.;
1060 1394 1087 1512 actor
1048 1553 1089 1627 iiiia,
1052 1658 1085 1891 Aristomachus

1030 254 1062 277 (§
1029 304 1059 355 22.)
1029 559 1056 864 ml
1027 978 1045 1026 ux.
1019 1052 1054 1139 Pliao7
1028 1216 1044 1260 ux.
1019 1278 1055 1341 Phi·
1026 1430 1043 1581 *mr
1017 1647 1048 1739 (Dein,
1018 1752 1036 1776 c,
1017 1790 1045 1888 Nener,

1000 593 1022 667 tres
996 684 1026 765 mne
998 778 1025 812 ri
948 959 1044 1179 {anesseim}
986 1195 1053 1208 i
995 1225 1023 1326 lotuell.
984 1349 1051 1363 Ξ
982 1696 1007 1724 3„
981 1743 1012 1828 135„

927 981 993 1160 '‘z-,inaff-

812 332 862 579 Aristophanes
820 605 860 757 Cononis
819 785 858 914 amicus
819 941 857 993 vir
806 1020 855 1195 popularis
805 1222 850 1322 atque
803 1349 853 1495 insignis
811 1522 839 1672 sororem
811 1702 846 1765 viri
810 1793 847 1890 nobi-

772 233 809 274 lis
760 302 809 517 opulentique
759 543 807 596 qui
769 624 805 712 hanc
768 749 806 932 orationem
757 968 803 1094 hahuit,
763 1134 789 1164 c.
764 1192 802 1248 Ol.
753 1282 802 1343 96,
761 1371 802 1411 4.
763 1440 800 1494 vel
751 1522 800 1584 97,
760 1613 796 1635 1
750 1659 795 1717 (cf.
746 1747 796 1782 ξ.
746 1811 797 1890 12.)

722 232 756 262 in
719 292 756 536 matrimonium
714 564 754 716 duxerat.
717 769 755 831 Vir
715 858 746 929 erat
702 954 751 1100 impiger
713 1128 744 1161 et
701 1187 748 1424 rempublicam
697 1454 736 1616 suamque
696 1644 744 1788 gloriam
707 1816 738 1890 stu-

668 232 705 333 debat
656 359 692 510 angere,·
665 539 701 639 rebus
654 666 701 770 igitur
653 797 701 940 publicis
663 968 693 1071 totum
660 1099 686 1137 se
659 1164 697 1265 dedit.
658 1316 696 1468 Cononis
657 1497 683 1597 suasu
654 1628 679 1702 cnm
654 1730 691 1887 Eunomo

618 231 648 263 et
604 288 653 397 Lysia
603 423 652 515 (vid.
604 545 640 651 supra
601 676 636 712 p.
604 737 651 827 27.)
610 862 649 916 Ol.
601 954 649 1016 97,
608 1049 647 1086 3.
608 1119 644 1162 ad
597 1191 646 1386 Dionysium
595 1414 643 1667 Syracusanum
601 1694 626 1732 se
603 1770 631 1888 contu-

566 232 603 268 lit
552 293 588 534 persuasurus,
563 563 593 598 ut
561 622 586 699 cum
550 727 597 889 Euagora
557 916 595 1076 affinitate
557 1101 583 1140 se
543 1175 593 1367 devinciret,
538 1402 590 1750 Lacedaemoniismie
550 1777 587 1888 inimi-

503 233 539 303 cus,
510 341 548 604 Atheniensibus
509 636 546 766 amicus
508 790 546 885 fieret
493 920 543 971 (ᾗ.
505 1001 543 1063 19.
493 1089 544 1193 20.).
504 1242 542 1294 Re
490 1321 539 1470 perfecta
490 1498 538 1560 (cs.
496 1587 536 1709 Meier.
498 1739 535 1780 de
494 1806 534 1888 hon.

461 233 498 346 damn.
446 376 482 411 p.
450 440 496 522 52.)
445 555 496 801 Aristophanes
453 841 481 996 reversus
442 1034 490 1156 legatis
441 1195 490 1328 Cypriis
438 1356 474 1456 quum
439 1484 485 1617 publice
446 1644 481 1757 decem
444 1784 471 1890 naves

408 233 447 375 traditae
395 402 437 528 essent,
406 557 430 621 non
404 656 429 752 suam
403 789 442 899 solum
389 933 438 1111 pecuniam
391 1149 437 1280 obtulit,
398 1307 433 1366 sed
398 1394 434 1494 etiam
394 1522 432 1659 multam
393 1687 428 1731 ab
382 1759 431 1889 amicis,

348 232 396 352 fratre,
354 393 391 516 actoris
341 551 383 648 patre
351 682 388 858 collectam
338 894 388 945 (ᾗ.
348 979 386 1043 21.
340 1072 386 1168 22),
348 1205 384 1236 iu
345 1266 383 1461 universnm
333 1488 382 1625 triginta
341 1650 378 1742 milia
340 1769 377 1892 drach-

304 233 331 365 marum
292 400 340 452 (§.
301 485 343 550 43.
301 589 339 630 cf.
299 657 339 808 Bocckh.
299 839 337 882 Ο.
297 917 323 946 c.
289 973 336 1025 Π,
286 1055 334 1155 130.)
294 1185 332 1242 01.
285 1269 334 1332 97,
290 1356 330 1393 3.
293 1445 331 1478 Ε
278 1505 330 1620 Cypro
289 1647 314 1668 a
276 1694 321 1790 patre
288 1816 313 1893 cer-

251 234 290 299 tior
250 324 290 436 factus
247 463 288 573 omnia
244 607 286 740 abunde
233 775 284 841 ipsi
241 873 285 984 sutura
229 1016 282 1153 legatus
237 1188 281 1270 abiit
236 1302 277 1416 omnia
226 1450 266 1536 quae
222 1561 268 1676 posset
222 1701 272 1893 impendere

220 1961 255 1992 et
280 1955 468 2002 Euagorae
502 1951 690 2000 gratificari
730 1958 871 2000 paratus
906 1953 958 2002 (ξ.
986 1953 1087 2003 23.).
1139 1955 1206 1991 Per
1232 1956 1374 1992 eandem
1400 1954 1500 1990 trire-

371 2018 425 2043 1ae
457 2005 719 2053 Aristophanem
749 2003 903 2053 Cyprum
940 2013 1177 2044 transvexerat
1210 2008 1322 2047 omnia
1348 2007 1500 2044 restituta

218 2020 309 2044 mem
336 2020 369 2056 qi

219 2065 311 2097 sunt.

374 2058 520 2105 Qualem
562 2057 683 2093 deinde
721 2056 966 2105 Aristophanes
1009 2072 1047 2096 se
1089 2060 1281 2108 praebuerit
1315 2059 1497 2096 nescimus.

216 2112 326 2148 Brevi
354 2118 430 2159 post
456 2110 687 2157 Nicophemus
713 2115 745 2144 et
759 2109 1004 2156 Aristophanes
1031 2112 1232 2160 deprehensi
1250 2117 1350 2160 atque
1375 2109 1498 2146 indicta

217 2176 327 2200 cansa
352 2162 460 2199 necati
486 2167 578 2199 sunt.
617 2161 770 2198 Meierus
796 2161 854 2208 (de
883 2163 962 2200 hon.
992 2164 1105 2203 damn.
1133 2178 1168 2213 p.
1196 2163 1301 2210 194.)
1329 2174 1389 2198 eos
1415 2175 1496 2210 pro-

217 2216 356 2251 ditionis
383 2226 461 2250 esse
485 2216 666 2249 damnatos
693 2220 800 2260 putat,
828 2216 916 2261 quod
933 2222 1029 2251 actor
1055 2216 1108 2264 (ξ.
1134 2216 1191 2263 7.)
1219 2227 1261 2250 ne
1288 2213 1493 2260 sepulturam

219 2267 351 2313 quidem
380 2266 423 2302 iis
450 2277 649 2301 concessam
677 2265 788 2312 dicat3
817 2266 1028 2313 sepulturam
1054 2268 1143 2304 enim
1172 2264 1400 2314 perduellibus
1416 2271 1492 2301 tau-

218 2324 288 2354 tum
324 2325 358 2355 et
393 2317 575 2364 sacrilegis
611 2316 729 2363 negari
767 2316 901 2354 solitam
935 2330 1025 2366 esse,
1061 2326 1097 2356 et
1121 2320 1186 2354 hoc
1217 2315 1493 2355 verisimillimum

215 2375 288 2416 θείς
324 2370 351 2405 si
388 2383 453 2406 uon
489 2369 611 2406 fuisset
644 2370 894 2416 condemnatio,
929 2377 1026 2407 actor
1062 2377 1150 2405 certe
1182 2381 1257 2405 cam
1282 2368 1495 2418 impugnaret

213 2420 275 2472 (cf.
304 2420 408 2468 srgm.
435 2422 501 2467 1.).
537 2421 742 2458 Proditionis
769 2421 896 2458 crimen
931 2421 1149 2469 Aristophani
1187 2420 1378 2459 intenditum
1412 2435 1493 2471 pro-
