1708 2878
261 158 325 212 ⁴2¹.

266 281 313 309 ex
350 275 461 306 eausa
490 266 651 317 Polycles
683 267 760 302 cum'
796 275 912 301 coram
947 263 1104 302 diaetetis
1139 275 1197 302 ree
1215 268 1403 313 ageretur
1424 265 1561 314 statuit,

266 333 367 360 meos
392 320 490 371 ipsos
517 317 728 357 necessarios
763 315 931 367 injustam
964 329 1043 354 esse
1067 328 1212 354 causam
1249 329 1359 354 meam
1384 319 1562 357 confessos

269 386 351 420 esse
379 384 509 432 vosque
536 369 717 407 nonnullos
750 371 932 419 quominus
968 382 1023 408 me
1058 358 1276 407 defenderent
1307 369 1471 408 arcuisse.
1499 368 1561 407 lu·-
1606 409 1608 411 ,

270 427 366 465 fitias
393 425 504 473 nequit
526 422 577 459 ire
603 422 776 460 Diodorus
803 436 842 460 se
860 423 971 460 omuia
991 424 1206 460 sermonibus
1230 422 1393 471 vulgasse
1416 421 1468 472 (§.
1488 421 1559 460 12.

273 480 326 517 13
368 477 412 513 cf.
445 473 582 511 Dobrei·
602 474 714 525 auu..)
770 475 838 512 Sed
873 477 944 525 jam
981 475 1089 511 elucet
1115 488 1200 524 quas
1218 476 1363 564 &nudes
1395 486 1459 512 vos
1485 473 1564 511 sitis

274 527 482 577 mac-binati3
506 526 579 577 jam
607 528 704 578 prius
729 527 969 565 conclamat-tis
996 527 1218 589 Thrasymac
1242 541 1297 565 um
1335 539 1411 566 mea
1436 522 1564 565 caussa.

273 582 427 620 Diodoro
466 585 500 616 et
536 580 781 628 Euryptolemo
825 579 1069 624 maledixisse,
1102 579 1262 617 examine
1297 592 1377 617 vero
1412 580 1564 617 instituto

275 632 465 692 utrumque·
484 642 563 668 esse
602 632 714 667 fi‘ctum
752 631 911 678 apparuit
944 631 1001 676 (§.
1034 626 1232 673 14.15.).
1293 632 1363 668 Sed
1397 644 1485 668 nunc
1520 642 1566 668 ex

276 683 410 723 occulto
455 682 489 719 iu
518 684 627 719 lucem
673 682 858 730 prodiistis.
929 680 1095 730 Equidem
1135 680 1268 718 facilior
1310 694 1427 730 eram,
1457 682 1566 727 „vobis

277 738 429 782 credere,
459 747 534 771 cum
561 735 596 770 iu
625 733 781 783 opinione
807 746 919 771 essem
947 734 1042 770 vobis
1070 734 1227 771 omuibus
1265 745 1319 771 mc
1345 746 1422 771 esse
1448 746 1567 773 carum

279 801 395 839 neque
429 786 638 835 cogitarem,
673 786 775 824 sicuti
814 799 878 825 vos
911 786 1054 823 alterum
1086 786 1196 834 alteri,
1233 799 1296 824 vos
1328 786 1408 823 mibi
1433 796 1567 836 quoque

278 841 482 880 maledicere
520 840 586 888 (ς.
610 839 676 879 16.
703 840 804 885 17..)
859 840 916 876 Ex
943 846 1055 877 vestra
1085 839 1191 888 igitur
1229 839 1403 887 societate,
1430 852 1473 876 ex
1499 850 1568 888 qua

280 894 414 931 nullum
441 892 588 928 fructum
617 893 728 941 cupio,
767 905 937 940 uunquam
972 892 1060 928 euim
1095 893 1128 927 in
1154 892 1282 941 judicio
1308 905 1363 928 me
1388 891 1567 940 adjuvistis

281 945 348 992 (cf.
377 946 537 983 Seboem.
565 944 665 981 Proc.
694 957 729 991 p.
757 942 846 981 709.
875 946 960 991 sqq)
989 956 1051 981 ex
1072 943 1133 980 illa
1159 944 1266 992 igitur
1293 944 1381 980 ultro
1407 944 1565 995 disced03

281 999 314 1036 si
343 1010 410 1046 ego
437 996 552 1033 abiero
579 992 653 1044 (μὴ
681 992 785 1042 ξυνῶ
800 994 962 1043 Μαι-Νη)
989 995 1078 1031 alius
1104 1003 1254 1032 vestrum
1281 996 1416 1056 probris
1433 991 1567 1043 figetur,

282 1056 386 1098 atque
406 1051 470 1085 boc
496 1049 568 1085 fere
594 1048 695 1084 modo
721 1047 844 1091 ceteri,
881 1047 1056 1095 superstiti
1089 1059 1170 1084 vero
1215 1047 1348 1084 nonnisi
1391 1048 1570 1083 maledicta

281 1102 318 1138 iu
344 1114 384 1138 se
410 1101 524 1149 ipsum
551 1100 733 1136 reiicienda
759 1102 1004 1146 remanebunt3
1033 1110 1098 1146 ego
1123 1106 1235 1136 autem
1264 1100 1353 1135 bunc
1378 1108 1470 1135 certe
1495 1100 1569 1137 dis-

284 1153 425 1198 cedendi
451 1153 596 1189 fructum
624 1153 772 1201 capiam,
799 1157 835 1187 ut
862 1151 942 1188 nibil
960 1150 1039 1188 mali
1058 1150 1276 1188 mibiillsturi
1292 1150 1436 1201 sitis(§.
1452 1150 1569 1189 18—

282 1206 330 1243 flu
335 1206 400 1255 .)”.
432 1227 480 1234 -
508 1204 549 1242 Si
592 1211 848 1252 argumentum
873 1204 986 1241 solum
1021 1209 1154 1253 spectes
1187 1203 1267 1254 quin
1305 1204 1414 1241 oratio
1451 1215 1571 1241 revera

286 1259 332 1296 sit
360 1257 477 1297 habita
503 1257 538 1293 iu
564 1253 721 1309 ἑταιρίᾳ
748 1258 893 1306 quadam
921 1256 980 1294 vix
1006 1256 1151 1294 dubites.
1207 1257 1275 1294 Sed
1303 1257 1447 1305 primum
1480 1268 1572 1293 uou-

284 1309 384 1348 nulla
410 1315 528 1347 extant
553 1321 643 1358 quae
667 1309 816 1358 Lysiam
841 1322 909 1345 nou
935 1321 1015 1346 esse
1041 1315 1211 1346 auctorem
1232 1309 1427 1357 siguificare
1453 1308 1573 1346 videu-

285 1368 352 1401 tur.
407 1362 636 1399 Autitbesinm
663 1362 752 1397 euim
779 1373 890 1409 genus
916 1362 960 1397 ab
996 1368 1130 1397 oratore
1157 1361 1295 1398 mirifice
1326 1361 1573 1421 frequentatum

286 1419 353 1460 est,
379 1426 414 1451 v.
443 1425 475 1449 c.
505 1412 552 1472 ξ.
558 1413 603 1450 1:
629 1407 837 1471 πάρεισιμ
809 1413 883 1460 μὲν
907 1420 973 1448 etc.
998 1418 1030 1448 et
1056 1408 1216 1471 πάρεισι
1242 1411 1305 1460 δὴ
1333 1413 1367 1462 §.
1383 1412 1428 1450 2:
1456 1408 1574 1452 ἀνια-

287 1462 428 1516 ρὸνμ
430 1464 474 1500 ὲν
507 1455 581 1501 οὖν
616 1472 681 1501 etc.
713 1470 748 1501 et
773 1459 978 1500 ἀδύνατον
1011 1461 1054 1500 δὲ
1087 1462 1165 1511 ,am
1203 1464 1237 1514 ς.
1266 1466 1314 1502 3·
1341 1460 1394 1501 τὰ
1412 1464 1506 1524 (aevu
1510 1462 1575 1500 λε’-

287 1526 388 1566 γειν,
398 1477 469 1553 τὰ
492 1514 536 1553 δὲ
560 1515 721 1563 ποιεΐν;
739 1515 774 1566 §.
799 1517 848 1554 7:
875 1512 948 1565 ἐγώ
975 1516 1050 1563 μὲν
1074 1512 1188 1568 ὤμην
1211 1524 1276 1556 eto.
1303 1522 1338 1553 et
1373 1511 1496 1553 οἱδ”
1478 1511 1573 1577 ἄρα.

289 1570 418 1606 Orator
442 1568 563 1604 deiude
588 1567 750 1617 quamvis
772 1554 1126 1608 multa.adumbrata
1147 1570 1258 1617 magis
1284 1581 1387 1618 quam
1413 1568 1576 1617 exposita

288 1621 370 1666 sint,
396 1625 509 1659 tamen
538 1618 616 1656 aliis
645 1620 729 1656 locis
756 1621 922 1657 verbosus
949 1625 1001 1656 cst
1027 1620 1182 1668 dictaque
1199 1623 1330 1682 repetit,
1357 1633 1390 1658 v.
1421 1632 1452 1656 c.
1480 1619 1574 1670 §.22

289 1671 363 1710 καὶ
400 1667 495 1715 τοὺς
529 1668 751 1714 δοκοῦντας
781 1676 844 1710 etc.
883 1671 917 1721 §.
951 1672 996 1709 3.
1024 1669 1201 1720 βοηθῶν
1224 1664 1287 1717 οἷς
1309 1667 1576 1720 ἐξημάρτηκες

289 1724 373 1762 ibid.
399 1719 579 1766 κάκεῖνος
604 1719 809 1771 ἐπήγγειλε
835 1724 1044 1771 superfluum
1070 1729 1134 1762 est.
1187 1724 1280 1760 Tum
1300 1730 1471 1761 structura
1496 1735 1577 1760 sen-

291 1776 475 1814 tentiarum
509 1779 757 1824 verborumque
782 1788 882 1825 quam
919 1780 1070 1813 contorta
1096 1784 1130 1814 et
1156 1776 1299 1815 confusa
1339 1776 1395 1823 sit,
1431 1788 1477 1813 ex
1507 1783 1578 1813 tota

292 1828 448 1865 oratione
481 1827 643 1864 facillime
677 1840 891 1875 cognoscas3
926 1829 1060 1864 etiamsi
1094 1829 1184 1866 euim
1211 1836 1326 1866 textus
1351 1829 1461 1866 foedis
1487 1828 1577 1865 vitiis

291 1886 414 1925 scatet,
450 1884 561 1916 tamen
596 1878 779 1916 multorum
816 1879 951 1940 culpam
987 1880 1021 1915 in
1059 1889 1231 1917 auctorem
1258 1880 1433 1927 conferas3
1469 1879 1503 1930 §-
1535 1877 1577 1918 5.

292 1939 433 1992 propter
466 1928 562 1981 ὑμῖν
588 1934 791 1970 antecedens
817 1928 954 1969 πάντα
980 1931 1188 1977 ’ποιοῦντες
1208 1940 1270 1972 etc.
1298 1933 1448 1972 offendit
1477 1932 1512 1982 §-
1535 1931 1575 1970 8.

294 1981 390 2027 τοὺς
416 1981 667 2027 τελευταίους
688 1985 766 2033 quid
795 1986 878 2022 est?
906 1997 968 2021 nec
992 1986 1115 2021 desunt
1141 1998 1230 2034 quae
1265 1999 1363 2022 usum
1400 1986 1579 2022 veiburum

292 2036 485 2084 Lysia-:um
519 2035 677 2083 laedant·
711 2036 744 2085 ξ.
774 2036 816 2073 1:
844 2034 1047 2085 ἐπεγκαλῶ
1079 2049 1141 2085 pro
1168 2035 1321 2085 ἐγκαλῶ
1357 2039 1471 2073 nescio
1500 2046 1579 2070 uum

293 2088 384 2125 alias
409 2087 570 2148 Lysias
572 2064 708 2133 dixerit,
735 2094 771 2123 ut
797 2088 855 2136 qui
882 2088 1051 2147 simplicia
1086 2091 1191 2126 verba
1216 2090 1340 2138 eligat3
1367 2089 1449 2125 ibid.
1478 2085 1580 2136 μέμ-

294 2138 474 2188 «μασθαι
499 2138 584 2183 τοῖς
622 2135 833 2175 ἀδικοῦσιν
862 2154 922 2188 pro
949 2137 1043 2184 τοὺς
1075 2136 1366 2187 ἆὸικοῦῃντας
1370 2140 1579 2183 ,accusare”

295 2191 385 2229 enim
426 2191 618 2239 significat,
664 2191 724 2229 vix
756 2192 850 2252 apud
877 2192 1026 2254 Lysiam
1061 2194 1232 2242 reperias3
1259 2192 1294 2242 §.
1320 2169 1369 2228 2.
1396 2185 1580 2227 ἐναντίον

295 2242 369 2290 τῆς
393 2240 558 2289 ἐλπίδος
584 2257 647 2294 pro
674 2240 767 2295 παρ’
796 2241 943 2282 ἐλπίδα
970 2246 1056 2282 mira
1081 2245 1206 2283 locutio
1233 2254 1299 2283 ete.
1333 2243 1451 2280 Oratio
1477 2243 1581 2292 igitur

298 2300 378 2345 quia
413 2298 556 2334 multum
594 2309 616 2334 a
651 2299 774 2335 ceteris
808 2304 910 2337 oratt.
940 2298 1073 2347 Lysiae
1109 2299 1219 2336 diss'ert
1246 2304 1279 2334 et
1304 2302 1372 2333 tota
1398 2308 1452 2333 res
1481 2296 1580 2334 nimis

299 2358 352 2385 est
378 2350 494 2397 exilis,
523 2362 624 2400 quam
653 2359 689 2387 ut
716 2357 838 2398 postea
864 2364 887 2387 a
912 2351 1026 2400 Lysia
1040 2351 1234 2400 explicitam
1255 2348 1441 2395 existimes,
1469 2349 1582 2398 Spen-

298 2401 412 2450 gelius
438 2409 470 2439 et
496 2403 664 2440 Franzius
690 2415 779 2451 opus
805 2416 882 2440 esse
908 2417 938 2442 c.
968 2403 1023 2441 Ol.
1052 2403 1117 2441 92.
1145 2402 1332 2439 consectum
1360 2403 1582 2452 conjecerunt.

297 2454 356 2493 Ex
393 2453 454 2491 illo
491 2461 645 2504 tempore
683 2455 782 2493 nobis
817 2455 949 2505 Lysiae
984 2455 1146 2493 Eroticus
1173 2454 1206 2491 in
1246 2454 1401 2493 Phaedro
1427 2454 1581 2494 Platonis
