1708 2878
293 243 397 283 tionis
424 250 561 285 anctore
586 242 747 281 traditan·
795 239 931 293 Quibus
952 250 1034 279 voro
1067 239 1194 280 relictis
1218 241 1280 281 illa
1295 239 1459 294 ‘quaeve
1483 221 1595 299 phi-if

293 295 428 349 losophi
464 294 645 336 vinolentia
680 291 861 341 dicuutur‚'
885 299 956 332 ta·
981 292 1122 331 ridicula
1156 300 1236 332 sunt
1260 301 1363 345 atque
1387 303 1561 348 tantopere
1587 297 1599 302 ”

293 340 339 386 ah
364 351 438 398 ejus
462 347 652 392 severitate,
680 356 782 394 quam
805 356 923 383 omnes
947 345 1130 394 scriptores
1165 352 1340 393 testantur,
1367 348 1560 401 abhorrent,

294 407 331 437 ut
357 413 420 435 nou
447 398 576 448 possim
604 397 684 447 quin
711 398 796 434 haec
820 410 884 434 non
911 409 988 435 esse
1011 397 1090 434 licta
1116 410 1137 434 a
1162 397 1281 448 Lysia,
1309 400 1367 435 sed
1396 412 1416 435 a
1443 410 1560 447 poste..

291 450 389 488 rioris
414 451 574 499 temporis
601 452 733 487 rhetore
758 448 941 487 Welckero
966 451 1158 487 concedam.
1211 450 1283 488 Nec
1308 450 1456 499 profecto
1483 458 1558 492 cnm

287 502 459 539 Demetrio
485 500 666 548 consentio,
693 502 749 550 qui
776 501 875 537 istam
900 502 943 537 de
968 501 1016 538 rei
1039 513 1116 544 cnm
1147 514 1215 551 auu
1241 503 1411 540 amoribus
1437 514 1559 542 narra..

287 550 469 592 tiuneulam
496 549 736 603 ἀστεϊσμοὺς
758 548 877 590 οὐδὲν
899 550 926 590 δ
1011 551 1168 605 ι’ροντας
1184 550 1441 606 σκωμμάτων
1465 550 1559 595 οὐδὲ

287 603 422 657 πόρρω
448 602 881 655 yelwtonotiag‘habets
918 604 977 642 Ta
992 617 1031 642 es
1058 602 1218 643 historias
1254 620 1297 643 ue
1337 608 1451 644 comici
1478 608 1557 655 qni-

287 659 363 695 dem
391 665 509 707 poetae
531 657 565 695 iu
592 656 801 707 plilosophos
830 645 1050 703 comitemur,
1077 655 1194 695 fabula
1221 670 1300 696 vero
1320 658 1373 696 hic
1397 657 1556 708 exposita

286 710 502 761 imitationem
516 709 581 747 loci
595 710 770 759 cujusdam
788 708 824 745 in
842 707 1079 757 Aristophanis
1094 708 1196 746 Pluto
1221 722 1429 759 magnopere
1455 712 1555 747 redo-

286 760 348 799 let.
398 762 588 801 Aeschines:
618 761 790 798 orationes
828 771 959 809 qnoque
983 759 1164 808 scripsisse
1190 766 1223 798 et
1247 762 1391 810 Lysiam
1415 762 1451 799 in
1477 763 1554 799 dia-

284 812 367 861 logo
394 813 451 862 qni
476 813 655 860 Telauges
681 816 733 849 est
754 809 1181 861 inscriptusimpuguasse
1206 814 1358 851 traditor.
1410 813 1554 862 Lysiam

284 876 308 901 a
340 865 532 902 rhetoribus
566 865 690 902 summi
729 875 806 900 esse
830 864 1043 900 aestimatum
1068 875 1174 913 supra
1198 866 1360 913 exposni;
1390 865 1442 902 vel
1468 865 1553 903 Pta-

284 921 393 953 touem
420 916 499 965 quia
531 916 564 952 in
599 916 674 965 ejus
698 914 920 964 eloquentiam
950 914 1112 963 impetum
1145 915 1280 963 fecerat,
1305 917 1491 968 Dionysius
1516 923 1550 955 et
1607 912 1624 948 'v

284 967 454 1005 Caecilius
486 970 608 1005 acerbo
644 966 720 1004 odio
755 972 831 1003 sunt
862 966 1042 1015 persecuti.
1102 966 1156 1005 Eo
1190 968 1384 1016 verimilius,
1418 968 1551 1007 etiamsi

282 1019 347 1056 illa
373 1022 413 1056 de
440 1019 618 1056 Aeschinis
645 1018 822 1056 sententiis
858 1018 975 1056 ethicis
1009 1018 1110 1068 dicta,
1138 1021 1435 1070 quaesophistam‘
1459 1016 1551 1059 iudi-

282 1077 374 1119 cant,
412 1072 686 1121 praetermittam,
721 1071 801 1107 mihi
840 1071 969 1107 videtur
1006 1083 1095 1119 esse,
1122 1072 1209 1109 alios
1236 1073 1385 1110 rhetores
1412 1080 1448 1109 nt
1474 1073 1550 1122 Ly-

281 1123 370 1160 siam
404 1131 520 1160 contra
551 1122 727 1161 Aeschinis
754 1121 821 1159 tela
841 1122 1074 1169 defenderent,
1108 1124 1197 1159 huuc
1222 1129 1257 1159 ut
1281 1124 1551 1162 futilemhomi-

282 1187 359 1211 nem
391 1175 608 1224 depingerent
643 1173 824 1211 studuisse.
884 1174 966 1220 Qua>
999 1186 1043 1210 ex
1077 1173 1287 1212 contentione
1322 1177 1407 1213 haec
1441 1177 1549 1214 oratio

281 1231 402 1263 exorta
427 1231 490 1263 est.
516 1226 695 1265 Aeschinis
720 1229 902 1274 paupertas
928 1224 1052 1263 multas
1077 1226 1240 1275 ejusmodi
1254 1227 1389 1265 fabulas
1402 1228 1549 1277 fingendi

280 1278 398 1327 copias
431 1281 584 1326 praehet.
646 1277 758 1316 Veluti
790 1277 1010 1325 philosophus
1043 1276 1123 1326 qnia
1148 1273 1245 1330 ὑπὲρ
1273 1275 1490 1330 χρημάτων
1514 1282 1550 1318 iu

279 1330 431 1367 Siciliam
467 1332 511 1366 ad
551 1329 758 1377 Dionysium
792 1333 971 1375 tyranuum
1014 1328 1185 1375 migrasse
1216 1331 1324 1368 fertur
1362 1332 1550 1378 (Philostr.

279 1382 340 1420 vit.
369 1380 491 1430 Apoll.
518 1380 551 1430 1,
577 1378 673 1430 35.)‚
699 1381 866 1417 rhetorum
892 1378 979 1418 unns
1006 1392 1082 1417 enm
1115 1382 1159 1417 oh
1186 1393 1246 1418 aes
1272 1382 1417 1419 alienum
1442 1385 1550 1423 Athe-

279 1433 334 1470 nis
369 1431 500 1480 fugisse
532 1433 683 1473 fabulam
716 1436 847 1479 poterat
888 1432 1112 1483 conformare.>
1169 1433 1284 1482 Itaque
1316 1435 1405 1471 hauc
1447 1440 1549 1472 totam

280 1483 462 1522 orationem
490 1497 557 1521 non
583 1497 605 1520 a
631 1483 924 1532 Lysia'scriptam
951 1494 1028 1519 esse
1060 1484 1248 1522 credamus.
1301 1485 1444 1523 Minime
1469 1499 1550 1525 vero

279 1536 468 1583 negandum
496 1542 562 1583 est,
591 1535 701 1573 odium
728 1535 895 1583 quoddam
921 1534 1008 1571 iuter
1026 1535 1173 1584 Lysiam
1201 1543 1234 1573 et
1259 1536 1458 1575 Aeschinem
1485 1551 1549 1576 ex-

276 1589 385 1625 titisse
418 1594 453 1624 et
485 1588 630 1637 Lysiam
654 1588 690 1624 in
725 1585 924 1624 Aeschinem
958 1586 1062 1624 aliam
1090 1589 1275 1625 orationem
1301 1590 1546 1639 composuisse.

275 1640 383 1678 Haec*
396 1644 470 1678 erat
479 1676 482 1678 .

326 1726 370 1765 Β.
418 1720 558 1777 Πρὸς
592 1716 850 1772 Αἰσχίνην
875 1718 971 1767 τὸν
1014 1718 1349 1780 Σωκρατικὸν
1381 1722 1498 1774 περὶ

423 1801 425 1803 »
734 1784 1105 1825 συκοφαντιας.
1154 1799 1157 1805 -

375 1849 490 1896 Quam
526 1848 641 1886 laudat
675 1847 851 1896 Diogenes
877 1846 1039 1884 Laertio·
1074 1846 1178 1898 (11.)
1200 1852 1233 1883 et
1258 1860 1302 1884 ex
1328 1849 1442 1885 eadem
1469 1860 1550 1885 vcr-

273 1903 357 1939 bum
382 1896 602 1939 Ἀσπασία
638 1900 720 1937 citat
753 1898 1010 1948 Harpocratio,
1029 1899 1125 1948 cujus
1158 1901 1263 1937 verba
1295 1906 1383 1937 recte
1408 1899 1549 1936 restitnit

272 1953 492 1991 Mauaeacus.
556 1952 673 1989 Utrum
709 1964 752 1988 ex
778 1953 841 1989 hac
866 1964 908 1988 an
938 1964 981 1987 ex
1008 1950 1067 1988 illa
1093 1952 1136 1988 de
1169 1961 1247 1988 acre
1270 1950 1380 1990 alieno
1407 1964 1547 2000 rompo-

270 2007 338 2045 sita
364 2018 393 2044 r.
422 1999 632 2051 καταπλήξ
656 2005 680 2042 i.
711 2017 742 2043 e.
767 1999 789 2041 6
828 2001 998 2053 συνεχῶς
1034 2001 1308 2054 πεπληγμένος
1345 2006 1423 2058 citet
1455 2004 1549 2040 Har-

272 2059 434 2108 pocratio‚
462 2059 624 2094 incertum
660 2063 723 2094 est.
749 2057 936 2094 Aeschines
965 2055 1136 2103 dialogum
1165 2052 1383 2094 Ἀσπασία
1409 2068 1548 2104 compo·

271 2114 385 2148 suerat
420 2112 486 2156 (de
511 2122 576 2159 quo
604 2109 647 2146 cs.
685 2108 857 2146 Welcker.
886 2109 909 2146 l.
940 2108 965 2144 l.
991 2122 1024 2157 p.
1052 2106 1129 2146 406
1147 2110 1253 2158 sqq.),
1278 2110 1312 2145 iu
1339 2120 1404 2157 qno
1430 2108 1546 2155 Aspa-

269 2163 359 2199 siam
381 2175 457 2199 cum
487 2161 627 2211 Lysicle
653 2162 846 2209 demagogo
874 2160 1148 2197 cousuetudinem
1177 2161 1338 2197 habuisse
1364 2159 1426 2204 (cf.
1452 2159 1543 2197 Plut.

268 2214 391 2252 Perict,
417 2212 481 2250 24.
517 2214 627 2260 Harp.
662 2225 697 2250 v.
733 2208 978 2258 Ἀσπασία),
1011 2212 1154 2249 seminas
1192 2211 1330 2249 Jonicas
1362 2210 1546 2246 meretricio

269 2277 362 2303 more
389 2261 511 2303 'vivere
554 2273 751 2301 narraverat
789 2265 850 2313 (cf.
886 2264 1009 2302 Athen.
1046 2262 1088 2300 V.
1122 2278 1155 2312 p.
1189 2261 1322 2308 220.);
1363 2262 1545 2310 Aspasiam

270 2328 351 2364 ergo
377 2316 535 2355 conviciis
559 2323 768 2354 consectatus
795 2324 860 2354 est.
914 2317 1031 2364 Quare
1058 2316 1188 2364 Lysias
1214 2313 1310 2350 illam
1333 2312 1459 2351 videtur
1483 2315 1546 2352 de-

267 2368 432 2418 fendisse3
467 2364 586 2418 λόγος
620 2365 728 2418 πρὸς
759 2363 882 2418 Αἰσχ.
919 2368 976 2418 qui
1010 2368 1170 2405 landatur
1207 2360 1322 2413 λόγος
1361 2362 1545 2417 ἐρωτικός

266 2427 370 2470 atque
390 2420 509 2471 jocosa
542 2422 674 2460 videtur
706 2420 811 2459 fuisse
844 2420 934 2458 actio
966 2413 1218 2468 κακηγορίας,
1252 2431 1316 2456 uon
1343 2428 1547 2471 συκοφαν-

1554 77 1557 93 .
1587 53 1630 93 '⁶5⁵‘

1557 103 1560 115 x

300 133 391 180 tes
1169 196 1173 200 Ι
1558 121 1641 213 ξ

1603 243 1610 250 v
