1708 2878
586 927 882 988 Pars
963 924 1091 987 IV.

295 1070 547 1118 Gratianum
577 1069 748 1132 Lysiae
784 1068 1108 1131 deperditarum
1114 1066 1386 1129 fragmenta.

228 1308 267 1348 1.
318 1300 441 1346 Κατ’
475 1298 735 1370 Αἰσχίνου
759 1304 884 1366 περὶ
915 1301 1006 1352 τῆς
1039 1299 1321 1365 δημεύσεως
1354 1312 1453 1340 των

475 1353 891 1410 ’Ἀριστοφάνους
926 1353 1205 1410 χρημάτων.

203 1411 424 1505 ’,Επειδὴ
457 1446 595 1488 τοίνυν
625 1446 719 1495 τοὺς
752 1444 977 1501 Χύτρους
956 1463 979 1487 ο
1002 1445 1240 1502 Δημάρατος
1255 1444 1356 1486 ἑάλω
1378 1460 1477 1500 προ-

202 1484 382 1550 διδούς”.
411 1506 550 1556 (TayL,
563 1507 725 1553 Bekker„
741 1507 937 1554 Foensch„
955 1508 1087 1545 Franz.
1105 1509 1137 1545 l.
1141 1506 1351 1565 ,westem
1374 1507 1474 1548 36.).

253 1558 360 1610 Ex
364 1557 497 1619 Harp.
523 1571 558 1595 v.
587 1554 753 1609 Χύτροι,
780 1558 838 1595 ubi
862 1559 1019 1598 additur:
1048 1535 1163 1602 πόλις
1184 1554 1297 1595 ἔστιν
1318 1555 1361 1594 ἕν
1387 1551 1476 1596 Κύ-

259 1623 290 1646 ω
321 1602 426 1647 ου’τω
463 1608 710 1660 καλουμένη,
744 1605 863 1648 καθ-ά
899 1621 1003 1661 φησι
1039 1605 1265 1660 Ξεναγόρας
1308 1608 1353 1646 ἐν
1386 1608 1476 1653 ταῖς

198 1622 371 1708 Agame,
406 1662 450 1699 ad
485 1675 571 1712 quae
602 1665 706 1700 verba
741 1662 784 1700 cf.
817 1662 995 1701 Maussac.
1054 1660 1189 1701 ..247
1214 1663 1269 1699 ed.
1296 1661 1399 1710 Lips.
1422 1682 1476 1691 —-

198 1714 256 1751 De
281 1715 347 1750 hoc
371 1676 561 1762 fragmento
585 1715 744 1751 disseruit
769 1714 920 1753 Meierns
944 1717 987 1752 de
1001 1716 1090 1753 bon.
1105 1716 1222 1753 damn.
1246 1727 1282 1763 p.
1310 1713 1387 1751 103
1398 1725 1474 1762 σιμ

198 1764 446 1814 Nicopbemnm
471 1771 505 1803 et
528 1766 789 1815 Aristophanem
815 1766 1017 1816 proditionis
1048 1768 1225 1804 damnatos
1255 1777 1334 1803 esse
1358 1765 1477 1813 videri,

200 1830 276 1854 cum
304 1825 400 1854 actor
426 1830 477 1856 or.
506 1819 549 1855 de
582 1818 758 1867 Aristopb.
796 1820 874 1856 bou.
909 1817 943 1868 ᾗ.
970 1819 1010 1858 7.
1036 1831 1079 1856 ne
1105 1818 1314 1866 sepulturam
1340 1817 1474 1867 quidem

198 1870 244 1907 iis
277 1869 495 1907 commissam
531 1870 644 1918 dicat3
671 1871 880 1920 sepulturam
914 1870 1003 1907 enim
1026 1869 1258 1919 perduellibus
1285 1875 1415 1907 tantum
1442 1875 1476 1907 et

199 1920 382 1968 sacrilegis
411 1922 545 1969 negari.
598 1921 719 1968 Qualis
745 1923 828 1959 baec
853 1922 951 1958 fuerit
977 1922 1134 1971 proditio,
1160 1921 1386 1960 verisimiliter
1412 1932 1476 1958 nos

200 1985 280 2010 esse
306 1972 451 2009 scituros
478 1973 508 2009 si
540 1976 622 2010 haec
657 1987 709 2012 or.
736 1975 816 2012 adv.
856 1973 981 2011 Aesch.
1010 1975 1053 2011 de
1078 1974 1183 2012 Arist.
1207 1974 1286 2012 bon.
1313 1973 1407 2022 publ.
1432 1972 1477 2008 ad

201 2032 349 2061 nostram
377 2023 589 2073 pervenisset
612 2030 776 2074 aetatem3
812 2024 845 2062 in
880 2025 996 2075 Cypro
1030 2026 1119 2063 enim
1147 2039 1248 2075 quum
1275 2038 1331 2063 res
1357 2031 1479 2072 gestae

200 2076 402 2124 Nicophemi
428 2084 461 2113 et
487 2077 726 2125 Aristophanis
752 2069 942 2125 postremae
976 2078 1188 2127 potissimum
1214 2077 1477 2123 continerentur,

201 2127 236 2164 in
262 2128 323 2166 illa
349 2128 498 2166 oratione
522 2130 715 2167 accuratius
742 2131 784 2166 de
809 2129 917 2179 ipsius
942 2129 1140 2180 proditionis
1175 2136 1296 2168 natura
1320 2128 1476 2176 ‹lisputa-

202 2185 272 2215 tum
305 2192 383 2216 esse
414 2193 495 2217 vero
529 2181 637 2219 videri
669 2181 889 2218 simillimum.
955 2183 1131 2230 Fortasse,
1165 2182 1276 2230 pergit
1310 2179 1474 2227 Mcienqus

205 2230 403 2279 proditionis
437 2232 562 2269 crimen
598 2233 816 2283 Aristophani
855 2235 1100 2283 intendebatur,
1127 2246 1203 2271 cnm
1229 2233 1343 2267 decem
1372 2244 1476 2271 naves

203 2283 249 2320 ab
276 2283 535 2321 Atheniensibus
567 2285 750 2334 Euagorae
774 2286 903 2324 auxilio
928 2288 1055 2325 missae
1081 2300 1103 2323 a
1128 2284 1285 2321 Teleutia
1301 2284 1476 2322 Lacedae-

203 2334 318 2371 monio
353 2340 469 2383 captae
504 2341 630 2373 esseut.
693 2337 793 2382 Quod
827 2338 962 2386 quidem
994 2338 1077 2374 mibi
1104 2348 1167 2372 nou
1201 2335 1374 2383 probabile
1399 2348 1475 2374 esse

202 2383 323 2434 videri,
358 2397 462 2435 supra
496 2389 547 2438 (p.
581 2386 667 2432 93.)
703 2387 796 2436 dixi5
837 2390 959 2427 ceteris
992 2401 1073 2429 vero
1110 2385 1231 2425 Meieri
1256 2387 1365 2427 verbis
1392 2388 1472 2427 nibil
