1708 2878
1305 89 1394 133 123

138 194 192 233 nis
224 196 392 247 Lysiacae
421 200 631 250 jejunitatem
658 202 824 249 ostendat,
859 200 1011 240 Socratis
1043 198 1225 237 orationem
1250 202 1396 239 maxime

136 247 197 286 illo
234 250 326 298 loco,
366 252 422 290 uhi
466 256 508 291 de
553 255 688 293 animae
716 254 888 293 itineribus
931 252 1095 305 loquitur,
1133 252 1323 297 exornavit,
1359 253 1419 292 idv

129 304 225 362 ‚9³⁰⁶
267 310 299 341 et
334 305 413 353 ipse
454 305 636 343 declaravit
675 321 711 354 p.
753 306 842 343 257.
874 307 944 346 A.:
986 300 1090 351 αὕτη
1124 316 1202 351 σοι,
1234 294 1268 340 αἶ
1306 300 1396 364 φίλε

138 351 262 406 Ερως,
296 348 352 400 εἰς
383 352 577 406 ἡμετέραν
610 352 785 406 δύναμιν
821 348 885 393 ὅτι
920 353 1111 404 καλλίστη
1141 354 1214 394 καὶ
1252 349 1397 407 ἄριστη

137 404 300 444 δέδοταί
333 420 375 444 τε
405 408 475 445 καὶ
512 405 731 445 ἕκτὲτισται
764 405 999 459 παλινῳδίας
1030 406 1082 446 τά
1114 421 1158 446 τε
1190 404 1295 446 ἄλλα
1328 407 1399 445 καὶ

136 458 221 501 τοῖς
244 455 441 507 ὀνόμασιν
464 455 745 508 ἠναγκασμένη
771 459 988 504 ποιητικοῖς
1011 471 1093 497 τισι
1118 458 1187 498 διὰ
1214 458 1399 510 Φαῖδρον

137 503 342 561 εἰρῆσθαι,
368 516 401 548 et
425 510 624 549 Aristoteles
654 511 757 559 (rhet.
785 510 847 559 111,
874 511 955 552 7.):
983 507 1047 548 διὸ
1071 510 1141 548 καὶ
1163 509 1213 556 τῆ
1237 509 1398 559 ποιήσει

136 555 312 621 ἥρμοσεν
343 560 490 600 ἔνθεον
520 560 597 612 γὰρ
627 558 654 607 ἡ
689 557 869 608 ποίησις·
901 559 930 609 ἢ
967 560 1015 608 δὴ
1048 557 1152 601 οὕτω
1179 549 1241 601 δεῖ
1261 560 1289 610 ἢ
1311 558 1396 612 μετ’

137 611 347 661 ειρωνείας,
385 607 481 665 ὅπερ
514 610 684 664 Γοργίας
714 611 839 651 ἐποίει
870 614 940 650 καὶ
964 611 1016 650 τὰ
1056 612 1100 651 ἒν
1128 612 1186 664 τῷ
1219 612 1399 665 Φαίδρῳ.

138 665 209 703 Sed
243 679 306 703 uon
342 665 460 703 mirum
497 674 550 703 est
582 665 758 704 Platonem
793 665 917 704 malum
947 665 1107 716 judicium
1139 667 1181 703 de
1206 666 1317 716 Lysia
1342 674 1399 705 tu-

137 717 233 755 lisse.
285 718 348 754 Illo
379 718 467 755 euim
501 724 647 766 tempore
671 719 799 767 Lysias
823 719 965 755 Thuriis
996 721 1094 756 modo
1127 725 1311 756 reverterat
1336 731 1400 756 ne-

138 781 204 818 que
223 769 401 821 judiciales
427 769 598 806 orationes
624 770 795 819 hucusque
821 770 1026 819 scripserat;
1061 769 1190 807 leviora
1222 781 1300 805 vero
1320 782 1401 806 ora-

139 822 265 856 tionum
303 833 442 868 genera,
480 826 516 858 nt
552 818 745 868 epistolica,
778 822 952 869 amatoria,
974 820 1045 858 alia
1071 833 1158 870 quae
1184 821 1276 858 nulla
1302 821 1401 858 adhi-

140 870 209 908 bita
234 883 317 908 cura
343 868 458 920 (μετὰ
483 870 665 923 παιδιᾶς)
689 879 932 922 composuerat,
959 873 1096 910 minoris
1121 879 1227 918 erant,
1252 878 1288 909 ut
1311 873 1402 909 Dio-

139 923 257 973 nysius
290 923 366 971 ipse
396 924 531 972 fatetur,
565 925 743 973 momenti3
779 937 881 974 quare
921 925 1087 962 immerito
1129 924 1233 962 critici
1270 932 1401 962 veteres

137 975 216 1013 falsi
247 975 365 1025 judicii
399 976 573 1015 Platonem
604 986 860 1016 accusaverunt.
924 977 992 1015 Sed
1027 990 1094 1027 qno
1126 980 1239 1015 miuus
1270 977 1401 1027 Lysiae

139 1028 320 1065 auctoritas
345 1026 495 1065 Platonis
518 1029 643 1077 jndicio
668 1029 830 1066 diminuta
853 1029 1017 1076 videatur,
1046 1032 1110 1066 hoc
1134 1031 1309 1067 tenendum
1334 1035 1399 1076 est,

139 1092 181 1116 ne
207 1079 386 1116 orationem
413 1076 545 1128 quidem
571 1093 647 1117 esse
672 1080 922 1129 Lysiae'qnem
936 1079 1034 1116 Plato
1046 1080 1194 1117 servavit
1213 1080 1398 1123 Eroticom.

141 1131 347 1178 Spengelius
371 1136 405 1167 et
430 1132 460 1166 F
464 1131 598 1167 ranzius
611 1133 728 1166 eodem
744 1136 892 1178 tempore
918 1130 1108 1179 (utriusque
1120 1131 1197 1166 libri
1223 1143 1256 1169 a.
1283 1131 1398 1169 1828.

139 1183 348 1230 prodierunt)
381 1184 638 1229 contenderunt,
663 1176 785 1230 λόγον
818 1175 1005 1231 ἐρωτικόν
1038 1181 1213 1230 epistolam
1249 1194 1326 1218 esse
1358 1183 1403 1219 ad

139 1241 287 1272 amatum
314 1234 551 1282 conscriptam,
577 1233 610 1270 in
637 1246 704 1283 qua
724 1234 909 1287 judicanda
933 1246 999 1271 nou
1012 1233 1257 1284 eaedemslegee
1283 1233 1404 1283 quibus

135 1286 261 1336 justam
291 1283 475 1324 orationem
510 1286 677 1333 metimur,
713 1286 923 1333 adhibendae
953 1286 1031 1324 siut.
1088 1285 1292 1335 Spengelius
1316 1299 1405 1335 qno-

139 1340 239 1375 modo
270 1339 354 1375 haec
388 1338 551 1375 sententia
581 1343 616 1375 et
639 1338 788 1375 oratione
819 1338 898 1387 ipsa
922 1338 1044 1387 optime
1074 1335 1225 1375 firmetur
1248 1343 1282 1375 et
1305 1338 1405 1375 testi·

140 1392 262 1428 moniis
294 1390 349 1428 M.
385 1389 535 1428 Cornelii
573 1389 769 1446 Frontonis,
802 1389 963 1439 Hermiae
1005 1389 1238 1437 Scholiasta,
1280 1388 1404 1437 Photii,

139 1443 278 1489 Suidae,
302 1449 372 1479 tam
399 1442 573 1490 praeclare
597 1442 766 1490 exposuit,
794 1447 830 1477 ut
854 1442 1006 1490 equidem
1032 1443 1066 1478 iu
1101 1443 1176 1490 ejus
1210 1442 1406 1478 auctoritate

139 1495 366 1542 acquiescam,
402 1493 462 1530 illa
479 1506 574 1536 ‚vero
612 1505 697 1543 quae
733 1492 959 1531 Haeuischius
994 1492 1053 1543 (p.
1079 1493 1248 1542 30sqq.)
1274 1490 1405 1541 Lysiae

140 1546 262 1595 objecit
297 1549 420 1584 cadant
453 1546 527 1593 (cf.
563 1546 664 1583 etiam
696 1545 948 1583 Westermann.
981 1550 1124 1593 quaesti.
1150 1544 1327 1582 Demosth.
1353 1544 1403 1582 11.

140 1610 175 1645 p.
210 1596 308 1648 54).
367 1598 541 1634 Phaedrus
574 1597 835 1646 Myrrhinusius
863 1597 1038 1645 Pythoclis
1069 1596 1095 1633 f.
1131 1609 1233 1645 quum
1270 1596 1405 1632 Socrati

141 1650 276 1686 obviam
311 1650 413 1695 venit,
445 1649 572 1698 Lysiae
609 1655 773 1687 recentem
805 1643 925 1697 λόγον
958 1642 1145 1700 ἐρωτικόν
1178 1660 1293 1686 secum
1318 1647 1405 1697 fert3

141 1714 247 1750 neque
271 1701 375 1750 igitur
397 1707 449 1738 est
474 1714 577 1750 quare
603 1715 679 1738 eum
703 1701 763 1740 01.
788 1699 851 1747 93,
872 1700 913 1739 2.
940 1701 1102 1749 scriptum
1128 1714 1205 1738 esse
1230 1712 1408 1748 negemus.

139 1752 296 1791 Eundem
333 1753 537 1802 Phaedrum,
569 1760 696 1790 mutam
729 1764 911 1802 personam
944 1759 1113 1801 agentem,
1147 1752 1332 1803 reperimus
1371 1752 1406 1788 in

139 1805 299 1842 Platonis
327 1805 526 1854 Protagora,
563 1806 621 1843 uhi
654 1805 816 1854 Hippiam
854 1805 896 1841 de
930 1804 1041 1851 signis
1073 1805 1273 1842 coelestibus
1299 1803 1409 1840 collo-

142 1864 297 1905 quentem
322 1857 439 1894 audire
464 1858 584 1894 dicitur
609 1857 661 1908 (p.
687 1857 778 1896 315.
805 1858 860 1903 ba)
887 1858 1094 1905 eundemque
1122 1857 1152 1895 in
1179 1858 1266 1894 Plat.
1294 1867 1406 1903 symp-

142 1916 176 1947 et
201 1921 257 1958 ap.
285 1909 428 1958 Lysiam
453 1909 564 1958 ipsum
590 1909 626 1945 iu
653 1922 704 1948 or.
732 1910 774 1945 de
802 1907 905 1945 Arist.
934 1909 1013 1946 bon.
1040 1908 1073 1957 §-
1101 1908 1161 1946 15.
1213 1906 1279 1954 Qui
1306 1906 1410 1954 plura

142 1964 184 1999 de
208 1974 248 1999 eo
275 1962 364 2009 cupit
386 1961 517 1998 discere
555 1963 655 1998 adeat
681 1961 817 1999 Theod.
844 1960 990 2008 Bergkii
1016 1962 1100 1997 diss.
1135 1962 1177 1996 ad
1213 1959 1297 1996 calc.
1327 1959 1410 1994 Au-

142 2015 217 2052 doc.
245 2012 402 2050 Schiller.
427 2024 464 2060 p.
489 2011 567 2049 132
578 2025 652 2059 sqq.
681 2018 713 2047 et
739 2012 907 2060 Droysen.
936 2014 978 2047 de
1006 2012 1117 2047 Arist.
1135 2013 1197 2046 Av.
1228 2017 1259 2046 et
1284 2009 1404 2046 Herm.

143 2080 179 2115 p.
213 2063 277 2105 34.
309 2063 464 2101 Ceterum
501 2062 680 2112 Clitophon
717 2062 875 2110 dialogus
918 2061 1286 2099 Pseudo-Platonicus
1319 2059 1409 2097 idem

130 2119 213 2155 'fere
246 2116 374 2154 initium
410 2117 593 2163 eodemque
631 2116 729 2151 modo
770 2114 914 2162 Lysiam
952 2120 1170 2148 memoratum
1207 2114 1326 2159 habet,
1367 2124 1410 2149 ac

144 2170 343 2216 Phaedrus,
378 2169 437 2205 sed
474 2168 518 2202 ad
551 2165 706 2201 Platonis
741 2165 847 2200 libros
873 2167 915 2200 de
940 2164 1113 2212 republica
1138 2170 1189 2201 est
1214 2164 1411 2201 referendus

147 2222 209 2270 (cf.
233 2220 368 2273 Synesii
392 2221 493 2259 Dion.
521 2232 558 2269 p.
585 2217 649 2257 57.
675 2218 729 2255 ed.
753 2215 901 2266 Pomm).
